PRODUCT_ID,ITEM_DESCRIPTION,DOSAGE,UNIT_OF_MEASURE,LINE_ITEM_QUANTITY,WEIGHT,PACK_PRICE,UNIT_PRICE,LINE_ITEM_INSURANCE_USD
"HIV, Reveal G3 Rapid HIV-1 Antibody Test, 30 Tests","HIV, Reveal G3 Rapid HIV-1 Antibody Test, 30 Tests",,30,19,13,29,0.97,
"Nevirapine 10mg/ml, oral suspension, Bottle, 240 ml","Nevirapine 10mg/ml, oral suspension, Bottle, 240 ml",10mg/ml,240,1000,358,6.2,0.03,
"HIV 1/2, Determine Complete HIV Kit, 100 Tests","HIV 1/2, Determine Complete HIV Kit, 100 Tests",,100,500,171,80,0.8,
"Lamivudine 150mg, tablets, 60 Tabs","Lamivudine 150mg, tablets, 60 Tabs",150mg,60,31920,1855,3.99,0.07,
"Stavudine 30mg, capsules, 60 Caps","Stavudine 30mg, capsules, 60 Caps",30mg,60,38000,7590,3.2,0.05,
"Zidovudine 10mg/ml, oral solution, Bottle, 240 ml","Zidovudine 10mg/ml, oral solution, Bottle, 240 ml",10mg/ml,240,416,504,5.35,0.02,
"Efavirenz 200mg [Stocrin/Sustiva], capsule, 90 Caps","Efavirenz 200mg [Stocrin/Sustiva], capsule, 90 Caps",200mg,90,135,328,32.4,0.36,
"Nevirapine 200mg, tablets, 60 Tabs","Nevirapine 200mg, tablets, 60 Tabs",200mg,60,16667,1478,3.65,0.06,
"Stavudine 30mg, capsules, 60 Caps","Stavudine 30mg, capsules, 60 Caps",30mg,60,273,See ASN-93 (ID#:1281),1.95,0.03,
"Lopinavir/Ritonavir 200/50mg [Aluvia], tablets, 120 Tabs","Lopinavir/Ritonavir 200/50mg [Aluvia], tablets, 120 Tabs",200/50mg,120,2800,643,41.1,0.34,
"Lopinavir/Ritonavir 200/50mg [Aluvia], tablets, 120 Tabs","Lopinavir/Ritonavir 200/50mg [Aluvia], tablets, 120 Tabs",200/50mg,120,2800,643,41.1,0.34,
"HIV 1/2, Uni-Gold HIV Kit, 20 Tests","HIV 1/2, Uni-Gold HIV Kit, 20 Tests",,20,2500,853,40,2,
"HIV 1/2, InstantChek HIV 1+2 Kit, 100 Tests","HIV 1/2, InstantChek HIV 1+2 Kit, 100 Tests",,100,10,Weight Captured Separately,85,0.85,
"Lamivudine/Zidovudine 150/300mg, tablets, 60 Tabs","Lamivudine/Zidovudine 150/300mg, tablets, 60 Tabs",150/300mg,60,10000,7416,9.98,0.17,
"HIV 1/2, Determine Complete HIV Kit, 100 Tests","HIV 1/2, Determine Complete HIV Kit, 100 Tests",,100,750,256,80,0.8,
"#102198**Didanosine 200mg [Videx], tablets, 60 Tabs","#102198**Didanosine 200mg [Videx], tablets, 60 Tabs",200mg,60,579,Weight Captured Separately,25.5,0.42,
"HIV 1/2, Determine Complete HIV Kit, 100 Tests","HIV 1/2, Determine Complete HIV Kit, 100 Tests",,100,1500,Weight Captured Separately,80,0.8,192
"HIV 1/2/O, First Response HIV 1-2.0, v.3.0 Cards Kit, 30 Tests","HIV 1/2/O, First Response HIV 1-2.0, v.3.0 Cards Kit, 30 Tests",,30,2000,710,16.5,0.55,
"Zidovudine 300mg, tablets, 60 Tabs","Zidovudine 300mg, tablets, 60 Tabs",300mg,60,525,34,6.6,0.11,4.86
"Didanosine 2g [Videx], powder for oral solution 10mg/ml, reconstitute to 200 ml","Didanosine 2g [Videx], powder for oral solution 10mg/ml, reconstitute to 200 ml",2g,200,712,162,12.59,0.06,
"HIV 1/2, Determine Complete HIV Kit, 100 Tests","HIV 1/2, Determine Complete HIV Kit, 100 Tests",,100,1000,341,80,0.8,128
"HIV 1/2, Stat-Pak HIV, Kit, 20 Tests","HIV 1/2, Stat-Pak HIV, Kit, 20 Tests",,20,7500,2278,27,1.35,
"#102198**Didanosine 200mg [Videx], tablets, 60 Tabs","#102198**Didanosine 200mg [Videx], tablets, 60 Tabs",200mg,60,5513,2126,25.5,0.42,224.93
"Nevirapine 10mg/ml, oral suspension, Bottle, 240 ml","Nevirapine 10mg/ml, oral suspension, Bottle, 240 ml",10mg/ml,240,1000,941,1.92,0.01,3.07
"Lopinavir/Ritonavir 200/50mg [Aluvia], tablets, 120 Tabs","Lopinavir/Ritonavir 200/50mg [Aluvia], tablets, 120 Tabs",200/50mg,120,500,117,82.19,0.68,65.75
"HIV 1/2, Determine HIV Kit, without Lancets, 100 Tests","HIV 1/2, Determine HIV Kit, without Lancets, 100 Tests",,100,750,171,71.99,0.72,86.39
"HIV 1/2, OraQuick Advance HIV Rapid Antibody Kit, 100 Tests","HIV 1/2, OraQuick Advance HIV Rapid Antibody Kit, 100 Tests",,100,25,60,350,3.5,14
"HIV 1/2, Bioline 3.0 Kit, Lancets, Capillary pipets, Alcohol swabs included, 25 Tests","HIV 1/2, Bioline 3.0 Kit, Lancets, Capillary pipets, Alcohol swabs included, 25 Tests",,25,10000,3335,20,0.8,320
"HIV 1/2, Bioline 3.0 Kit, Lancets, Capillary pipets, Alcohol swabs included, 25 Tests","HIV 1/2, Bioline 3.0 Kit, Lancets, Capillary pipets, Alcohol swabs included, 25 Tests",,25,10000,3335,20,0.8,320
"HIV 1/2, Bioline 3.0 Kit, Lancets, Capillary pipets, Alcohol swabs included, 25 Tests","HIV 1/2, Bioline 3.0 Kit, Lancets, Capillary pipets, Alcohol swabs included, 25 Tests",,25,10000,3335,20,0.8,320
"Stavudine 30mg, capsules, 60 Caps","Stavudine 30mg, capsules, 60 Caps",30mg,60,64000,4228,1.55,0.03,158.72
"HIV 1/2, Stat-Pak HIV, Kit, 20 Tests","HIV 1/2, Stat-Pak HIV, Kit, 20 Tests",,20,10000,3263,27,1.35,432
"Zidovudine 10mg/ml [Retrovir], oral solution, Bottle, 200 ml","Zidovudine 10mg/ml [Retrovir], oral solution, Bottle, 200 ml",10mg/ml,200,40,Weight Captured Separately,7.94,0.04,0.51
"Tenofovir Disoproxil Fumarate 300mg [Viread], tablets, 30 Tabs","Tenofovir Disoproxil Fumarate 300mg [Viread], tablets, 30 Tabs",300mg,30,1000,76,17,0.57,27.2
"Zidovudine 300mg, tablets, 60 Tabs","Zidovudine 300mg, tablets, 60 Tabs",300mg,60,400,23,8.38,0.14,5.36
"HIV, Lancet, Safety, for HIV Test kits, 100 Pcs","HIV, Lancet, Safety, for HIV Test kits, 100 Pcs",,100,1500,99,0.01,0,0.02
"HIV, Lancet, Safety, for HIV Test kits, 100 Pcs","HIV, Lancet, Safety, for HIV Test kits, 100 Pcs",,100,650,Weight Captured Separately,0.01,0,0.01
"Stavudine 1mg/ml [Zerit], powder for oral solution, Bottle, 200 ml","Stavudine 1mg/ml [Zerit], powder for oral solution, Bottle, 200 ml",1mg/ml,200,200,Weight Captured Separately,1.7,0.01,0.54
"HIV 1/2, Capillus HIV Kit, 100 Tests","HIV 1/2, Capillus HIV Kit, 100 Tests",,100,2,Weight Captured Separately,139,1.39,0.44
"#108853** HIV, Genie II HIV-1/HIV-2 Kit, 40 Tests","#108853** HIV, Genie II HIV-1/HIV-2 Kit, 40 Tests",,40,476,509,76,1.9,57.88
"HIV 1/2, Bioline 3.0 Kit, Lancets, Capillary pipets, Alcohol swabs included, 25 Tests","HIV 1/2, Bioline 3.0 Kit, Lancets, Capillary pipets, Alcohol swabs included, 25 Tests",,25,659,206,20,0.8,25.83
"HIV, Lancet, Safety, for HIV Test kits, 100 Pcs","HIV, Lancet, Safety, for HIV Test kits, 100 Pcs",,100,240,Weight Captured Separately,0.01,0,0
"HIV, Lancet, Safety, for HIV Test kits, 100 Pcs","HIV, Lancet, Safety, for HIV Test kits, 100 Pcs",,100,213,14,0.01,0,0
"HIV 1/2, Capillus HIV Kit, 100 Tests","HIV 1/2, Capillus HIV Kit, 100 Tests",,100,63,Weight Captured Separately,212.69,2.13,21.44
"HIV 1/2, Determine HIV Kit, without Lancets, 100 Tests","HIV 1/2, Determine HIV Kit, without Lancets, 100 Tests",,100,1634,373,71.99,0.72,188.21
"HIV 1/2, Stat-Pak HIV, Kit, 20 Tests","HIV 1/2, Stat-Pak HIV, Kit, 20 Tests",,20,1425,483,27,1.35,61.56
"HIV 1/2, Determine HIV Kit, without Lancets, 100 Tests","HIV 1/2, Determine HIV Kit, without Lancets, 100 Tests",,100,142,33,71.99,0.72,16.36
"Efavirenz 600mg, tablets, 30 Tabs","Efavirenz 600mg, tablets, 30 Tabs",600mg,30,8400,654,11.48,0.38,154.29
"Saquinavir 200mg [Invirase], capsules, 270 Caps","Saquinavir 200mg [Invirase], capsules, 270 Caps",200mg,270,6,Weight Captured Separately,67.51,0.25,0.65
"Stavudine 1mg/ml [Zerit], powder for oral solution, Bottle, 200 ml","Stavudine 1mg/ml [Zerit], powder for oral solution, Bottle, 200 ml",1mg/ml,200,600,Weight Captured Separately,1.45,0.01,1.39
"Didanosine 25mg [Videx], chewable tablets, 60 Tabs","Didanosine 25mg [Videx], chewable tablets, 60 Tabs",25mg,60,400,81,7,0.12,4.48
"Didanosine 25mg [Videx], chewable tablets, 60 Tabs","Didanosine 25mg [Videx], chewable tablets, 60 Tabs",25mg,60,6,Weight Captured Separately,12.85,0.21,0.12
"HIV 1/2, Determine HIV Kit, without Lancets, 100 Tests","HIV 1/2, Determine HIV Kit, without Lancets, 100 Tests",,100,5498,1251,79.99,0.8,703.66
"HIV, Lancet, Safety, for HIV Test kits, 100 Pcs","HIV, Lancet, Safety, for HIV Test kits, 100 Pcs",,100,5498,Weight Captured Separately,0.01,0,0.09
"HIV 1/2, Uni-Gold HIV Kit, 20 Tests","HIV 1/2, Uni-Gold HIV Kit, 20 Tests",,20,15,Weight Captured Separately,46.09,2.3,1.11
"Tenofovir Disoproxil Fumarate 300mg, tablets, 30 Tabs","Tenofovir Disoproxil Fumarate 300mg, tablets, 30 Tabs",300mg,30,1344,1537,13.66,0.46,29.37
"Stavudine 20mg [Zerit], capsules, 60 Caps","Stavudine 20mg [Zerit], capsules, 60 Caps",20mg,60,20,Weight Captured Separately,5.17,0.09,0.2
"Didanosine EC 250mg [Videx EC], delayed-release capsules, Blister 3 x 10 Caps","Didanosine EC 250mg [Videx EC], delayed-release capsules, Blister 3 x 10 Caps",250mg,30,100,Weight Captured Separately,19.06,0.64,3.05
"Stavudine 1mg/ml [Zerit], powder for oral solution, Bottle, 200 ml","Stavudine 1mg/ml [Zerit], powder for oral solution, Bottle, 200 ml",1mg/ml,200,670,Weight Captured Separately,1.53,0.01,1.64
"Didanosine EC 400mg [Videx EC], delayed-release capsules, Blister 3 x 10 Caps","Didanosine EC 400mg [Videx EC], delayed-release capsules, Blister 3 x 10 Caps",400mg,30,2597,117,23.67,0.79,98.35
"HIV 1/2, OraQuick Advance HIV Rapid Antibody Kit, 100 Tests","HIV 1/2, OraQuick Advance HIV Rapid Antibody Kit, 100 Tests",,100,28,109,350,3.5,15.68
"HIV 1/2, Capillus HIV Kit, 100 Tests","HIV 1/2, Capillus HIV Kit, 100 Tests",,100,84,54,139,1.39,22.88
"Abacavir 300mg [Ziagen], tablets, Blister 6 x 10 Tabs","Abacavir 300mg [Ziagen], tablets, Blister 6 x 10 Tabs",300mg,60,30,Weight Captured Separately,34.98,0.58,1.68
"Lamivudine 150mg, tablets, 60 Tabs","Lamivudine 150mg, tablets, 60 Tabs",150mg,60,38640,2719,2.4,0.04,148.38
"Artemether/Lumefantrine 20/120mg [Coartem], scored tablets, Blister 30 x 18 Tabs","Artemether/Lumefantrine 20/120mg [Coartem], scored tablets, Blister 30 x 18 Tabs",20/120mg,540,34,115,45.52,0.08,2.48
"Stavudine 30mg, capsules, 60 Caps","Stavudine 30mg, capsules, 60 Caps",30mg,60,42000,2600,1.45,0.02,97.44
"Nevirapine 10mg/ml [Viramune], oral suspension, Bottle, 240 ml","Nevirapine 10mg/ml [Viramune], oral suspension, Bottle, 240 ml",10mg/ml,240,50,Weight Captured Separately,13.93,0.06,1.11
"Efavirenz 600mg, tablets, 30 Tabs","Efavirenz 600mg, tablets, 30 Tabs",600mg,30,16800,1224,10.19,0.34,335.54
"Malaria Paramax-3 Kit, 25 Tests","Malaria Paramax-3 Kit, 25 Tests",,25,98,34,37.5,1.5,5.88
"HIV 1/2, Determine HIV Kit, without Lancets, 100 Tests","HIV 1/2, Determine HIV Kit, without Lancets, 100 Tests",,100,4500,1053,71.99,0.72,634.95
"HIV 1/2, Uni-Gold HIV Kit, 20 Tests","HIV 1/2, Uni-Gold HIV Kit, 20 Tests",,20,10,Weight Captured Separately,32,1.6,0.51
"#108853** HIV, Genie II HIV-1/HIV-2 Kit, 40 Tests","#108853** HIV, Genie II HIV-1/HIV-2 Kit, 40 Tests",,40,500,562,76,1.9,60.8
"Artesunate+Amodiaquine 50+153mg, tablets, co-blister 6+6 Tabs","Artesunate+Amodiaquine 50+153mg, tablets, co-blister 6+6 Tabs",50+153mg,12,25000,1708,0.39,0.03,19.11
"Efavirenz/Emtricitabine/Tenofovir Disoproxil Fumarate 600/200/300mg [Atripla], tablets, 30 Tabs","Efavirenz/Emtricitabine/Tenofovir Disoproxil Fumarate 600/200/300mg [Atripla], tablets, 30 Tabs",600/200/300mg,30,9,Weight Captured Separately,50.4,1.68,0.89
"HIV 1/2, Determine HIV Kit, without Lancets, 100 Tests","HIV 1/2, Determine HIV Kit, without Lancets, 100 Tests",,100,150,46,71.99,0.72,21.17
"#109436**HIV 1, Uni-Gold Recombigen HIV Control, Vial 2 x 0.5 ml","#109436**HIV 1, Uni-Gold Recombigen HIV Control, Vial 2 x 0.5 ml",,2,15,1,30,15,0.88
"HIV 1/2, Bioline 3.0 Kit, Lancets, Capillary pipets, Alcohol swabs included, 25 Tests","HIV 1/2, Bioline 3.0 Kit, Lancets, Capillary pipets, Alcohol swabs included, 25 Tests",,25,319,100,20,0.8,12.5
"Tenofovir Disoproxil Fumarate 300mg [Viread], tablets, 30 Tabs","Tenofovir Disoproxil Fumarate 300mg [Viread], tablets, 30 Tabs",300mg,30,80,Weight Captured Separately,22.88,0.76,3.59
"Tenofovir Disoproxil Fumarate 300mg [Viread], tablets, 30 Tabs","Tenofovir Disoproxil Fumarate 300mg [Viread], tablets, 30 Tabs",300mg,30,120,Weight Captured Separately,22.88,0.76,5.38
"Stavudine 1mg/ml [Zerit], powder for oral solution, Bottle, 200 ml","Stavudine 1mg/ml [Zerit], powder for oral solution, Bottle, 200 ml",1mg/ml,200,600,Weight Captured Separately,1.43,0.01,1.68
"Didanosine 100mg [Videx],chewable tablets, 60 Tabs","Didanosine 100mg [Videx],chewable tablets, 60 Tabs",100mg,60,7,Weight Captured Separately,13.05,0.22,0.18
"Stavudine 15mg, capsules, 60 Caps","Stavudine 15mg, capsules, 60 Caps",15mg,60,400,83,1.5,0.02,0.96
"Lopinavir/Ritonavir 80/20mg/ml [Kaletra], oral solution, cool, Bottle 5 x 60 ml","Lopinavir/Ritonavir 80/20mg/ml [Kaletra], oral solution, cool, Bottle 5 x 60 ml",80/20mg/ml,300,40,Weight Captured Separately,34.39,0.11,2.7
"Malaria Paramax-3 Kit, 25 Tests","Malaria Paramax-3 Kit, 25 Tests",,25,108,Weight Captured Separately,37.5,1.5,7.94
"Efavirenz/Emtricitabine/Tenofovir Disoproxil Fumarate 600/200/300mg [Atripla], tablets, 30 Tabs","Efavirenz/Emtricitabine/Tenofovir Disoproxil Fumarate 600/200/300mg [Atripla], tablets, 30 Tabs",600/200/300mg,30,50000,4093,50.4,1.68,4939.2
"Quinine 600mg/2ml (as dihydrochloride), injection, 2ml x 100 Ampules","Quinine 600mg/2ml (as dihydrochloride), injection, 2ml x 100 Ampules",600mg/2ml,100,140,5209,19.51,0.2,5.35
"HIV 1/2, Uni-Gold HIV Kit, 20 Tests","HIV 1/2, Uni-Gold HIV Kit, 20 Tests",,20,5700,1906,32,1.6,357.5
"Lamivudine/Zidovudine 150/300mg, tablets, 60 Tabs","Lamivudine/Zidovudine 150/300mg, tablets, 60 Tabs",150/300mg,60,5964,3509,8.61,0.14,100.65
"Lamivudine 150mg, tablets, 60 Tabs","Lamivudine 150mg, tablets, 60 Tabs",150mg,60,21000,See ASN-3562 (ID#:960),2.4,0.04,98.78
"Lamivudine/Nevirapine/Stavudine 150/200/30mg, tablets, 60 Tabs","Lamivudine/Nevirapine/Stavudine 150/200/30mg, tablets, 60 Tabs",150/200/30mg,60,10560,924,6.9,0.12,142.81
"Lamivudine/Zidovudine 150/300mg, tablets, 60 Tabs","Lamivudine/Zidovudine 150/300mg, tablets, 60 Tabs",150/300mg,60,2352,211,8.61,0.14,39.69
"Lopinavir/Ritonavir 80/20mg/ml [Kaletra], oral solution, cool, Bottle 5 x 60 ml","Lopinavir/Ritonavir 80/20mg/ml [Kaletra], oral solution, cool, Bottle 5 x 60 ml",80/20mg/ml,300,524,644,41.1,0.14,42.21
"Lopinavir/Ritonavir 100/25mg [Aluvia], tablets, 60 Tabs","Lopinavir/Ritonavir 100/25mg [Aluvia], tablets, 60 Tabs",100/25mg,60,2094,237,10.28,0.17,42.19
"HIV 1/2/O, First Response HIV 1-2.0, v.3.0 Cards Kit, 30 Tests","HIV 1/2/O, First Response HIV 1-2.0, v.3.0 Cards Kit, 30 Tests",,30,8249,2800,22.5,0.75,363.78
"Didanosine EC 400mg [Videx EC], delayed-release capsules, Blister 3 x 10 Caps","Didanosine EC 400mg [Videx EC], delayed-release capsules, Blister 3 x 10 Caps",400mg,30,200,11,23.67,0.79,9.28
"Didanosine 50mg [Videx], chewable tablets, 60 Tabs","Didanosine 50mg [Videx], chewable tablets, 60 Tabs",50mg,60,80,43,9.5,0.16,1.49
"Didanosine 2g [Videx], powder for oral solution 10mg/ml, reconstitute to 200 ml","Didanosine 2g [Videx], powder for oral solution 10mg/ml, reconstitute to 200 ml",2g,200,32,See ASN-3675 (ID#:1046),12.59,0.06,0.79
"Lopinavir/Ritonavir 100/25mg [Aluvia], tablets, 60 Tabs","Lopinavir/Ritonavir 100/25mg [Aluvia], tablets, 60 Tabs",100/25mg,60,46,10,10.28,0.17,0.93
"Efavirenz 600mg, tablets, 30 Tabs","Efavirenz 600mg, tablets, 30 Tabs",600mg,30,3025,Weight Captured Separately,15.71,0.52,93.14
"Efavirenz 600mg, tablets, 30 Tabs","Efavirenz 600mg, tablets, 30 Tabs",600mg,30,3500,Weight Captured Separately,14.24,0.47,97.69
"Zidovudine 10mg/ml, oral solution, Bottle, 240 ml","Zidovudine 10mg/ml, oral solution, Bottle, 240 ml",10mg/ml,240,1008,Weight Captured Separately,3.56,0.01,7.03
"Stavudine 1mg/ml [Zerit], powder for oral solution, Bottle, 200 ml","Stavudine 1mg/ml [Zerit], powder for oral solution, Bottle, 200 ml",1mg/ml,200,960,Weight Captured Separately,1.2,0.01,2.26
"Lamivudine 10mg/ml [Epivir], oral solution, Bottle, 240 ml","Lamivudine 10mg/ml [Epivir], oral solution, Bottle, 240 ml",10mg/ml,240,1800,Weight Captured Separately,5.84,0.02,20.6
"Stavudine 30mg, capsules, 60 Caps","Stavudine 30mg, capsules, 60 Caps",30mg,60,1200,Weight Captured Separately,2.82,0.05,6.63
"Lamivudine 10mg/ml, oral solution, Bottle, 240 ml","Lamivudine 10mg/ml, oral solution, Bottle, 240 ml",10mg/ml,240,346,Weight Captured Separately,5.65,0.02,3.83
"Efavirenz 50mg, capsule, 30 Caps","Efavirenz 50mg, capsule, 30 Caps",50mg,30,5300,Weight Captured Separately,3.14,0.1,32.62
"Lamivudine 10mg/ml, oral solution, Bottle, 240 ml","Lamivudine 10mg/ml, oral solution, Bottle, 240 ml",10mg/ml,240,342,Weight Captured Separately,5.65,0.02,3.79
"Stavudine 15mg [Zerit], capsules, 60 Caps","Stavudine 15mg [Zerit], capsules, 60 Caps",15mg,60,2700,Weight Captured Separately,3.95,0.07,20.9
"Lopinavir/Ritonavir 200/50mg [Aluvia], tablets, 120 Tabs","Lopinavir/Ritonavir 200/50mg [Aluvia], tablets, 120 Tabs",200/50mg,120,3735,Weight Captured Separately,35.98,0.3,263.4
"Zidovudine 300mg [Retrovir], tablets, 60 Tabs","Zidovudine 300mg [Retrovir], tablets, 60 Tabs",300mg,60,6000,Weight Captured Separately,13.44,0.22,158.05
"Stavudine 30mg, capsules, 60 Caps","Stavudine 30mg, capsules, 60 Caps",30mg,60,11672,Weight Captured Separately,3,0.05,68.63
"HIV 1/2, OraQuick Advance HIV Rapid Antibody Kit, 100 Tests","HIV 1/2, OraQuick Advance HIV Rapid Antibody Kit, 100 Tests",,100,20,48,350,3.5,13.72
"Lopinavir/Ritonavir 200/50mg [Aluvia], tablets, 120 Tabs","Lopinavir/Ritonavir 200/50mg [Aluvia], tablets, 120 Tabs",200/50mg,120,10240,2523,41.1,0.34,824.89
"Ritonavir 100mg [Norvir], capsules, cool, 4 x 84 Caps","Ritonavir 100mg [Norvir], capsules, cool, 4 x 84 Caps",100mg,336,400,175,38.36,0.11,30.07
"Lopinavir/Ritonavir 80/20mg/ml [Kaletra], oral solution, cool, Bottle 5 x 60 ml","Lopinavir/Ritonavir 80/20mg/ml [Kaletra], oral solution, cool, Bottle 5 x 60 ml",80/20mg/ml,300,30,Weight Captured Separately,36,0.12,2.12
"Emtricitabine/Tenofovir Disoproxil Fumarate 200/300mg [Truvada], tablets, 30 Tabs","Emtricitabine/Tenofovir Disoproxil Fumarate 200/300mg [Truvada], tablets, 30 Tabs",300/200mg,30,80,Weight Captured Separately,35.2,1.17,5.52
"Zidovudine 300mg, tablets, 60 Tabs","Zidovudine 300mg, tablets, 60 Tabs",300mg,60,1000,Weight Captured Separately,19.77,0.33,38.75
"HIV 1/2, OraQuick Advance HIV Rapid Antibody Kit, 100 Tests","HIV 1/2, OraQuick Advance HIV Rapid Antibody Kit, 100 Tests",,100,60,144,350,3.5,41.16
"HIV 1/2, Determine Complete HIV Kit, 100 Tests","HIV 1/2, Determine Complete HIV Kit, 100 Tests",,100,7500,2215,80,0.8,1176
"HIV 1/2, Determine Complete HIV Kit, 100 Tests","HIV 1/2, Determine Complete HIV Kit, 100 Tests",,100,6395,1915,80,0.8,1002.74
"Efavirenz 600mg, tablets, 30 Tabs","Efavirenz 600mg, tablets, 30 Tabs",600mg,30,55356,4482,6.98,0.23,757.31
"#108853** HIV, Genie II HIV-1/HIV-2 Kit, 40 Tests","#108853** HIV, Genie II HIV-1/HIV-2 Kit, 40 Tests",,40,1000,1101,110,2.75,215.6
"Ritonavir 100mg [Norvir], capsules, cool, 4 x 84 Caps","Ritonavir 100mg [Norvir], capsules, cool, 4 x 84 Caps",100mg,336,8,48,76.72,0.23,1.2
"Lamivudine/Nevirapine/Zidovudine 150/200/300mg, tablets, 60 Tabs","Lamivudine/Nevirapine/Zidovudine 150/200/300mg, tablets, 60 Tabs",150/300/200mg,60,3500,1804,11.15,0.19,76.49
"HIV 1/2, OraQuick Advance HIV Rapid Antibody Kit, 100 Tests","HIV 1/2, OraQuick Advance HIV Rapid Antibody Kit, 100 Tests",,100,5,12,350,3.5,3.43
"HIV 1/2, Clearview Complete Kit, 25 Tests","HIV 1/2, Clearview Complete Kit, 25 Tests",,25,67,48,75,3,9.85
"Didanosine 25mg [Videx], chewable tablets, 60 Tabs","Didanosine 25mg [Videx], chewable tablets, 60 Tabs",25mg,60,400,148,7,0.12,5.49
"HIV 1/2, Uni-Gold HIV Kit, 20 Tests","HIV 1/2, Uni-Gold HIV Kit, 20 Tests",,20,220,79,32,1.6,13.8
"Ritonavir 100mg [Norvir], capsules, cool, 84 Caps","Ritonavir 100mg [Norvir], capsules, cool, 84 Caps",100mg,84,50,Weight Captured Separately,9.8,0.12,0.96
"Lamivudine 150mg, tablets, 60 Tabs","Lamivudine 150mg, tablets, 60 Tabs",150mg,60,5000,Weight Captured Separately,8.26,0.14,80.95
"Lamivudine 10mg/ml [Epivir], oral solution, Bottle, 240 ml","Lamivudine 10mg/ml [Epivir], oral solution, Bottle, 240 ml",10mg/ml,240,460,Weight Captured Separately,6.17,0.03,5.56
"#108853** HIV, Genie II HIV-1/HIV-2 Kit, 40 Tests","#108853** HIV, Genie II HIV-1/HIV-2 Kit, 40 Tests",,40,147,165,75.35,1.88,
"HIV 1/2, OraQuick Advance HIV Rapid Antibody Kit, 100 Tests","HIV 1/2, OraQuick Advance HIV Rapid Antibody Kit, 100 Tests",,100,6,15,400,4,
"Didanosine 25mg [Videx], chewable tablets, 60 Tabs","Didanosine 25mg [Videx], chewable tablets, 60 Tabs",25mg,60,2800,555,7,0.12,
"HIV 1/2, OraQuick Advance HIV Rapid Antibody Kit, 100 Tests","HIV 1/2, OraQuick Advance HIV Rapid Antibody Kit, 100 Tests",,100,15,36,400,4,
"Lopinavir/Ritonavir 133.3/33.3mg [Kaletra], capsules, cool, 2 x 90 Caps","Lopinavir/Ritonavir 133.3/33.3mg [Kaletra], capsules, cool, 2 x 90 Caps",133.3/33.3mg,180,260,135,42.68,0.24,
"Lamivudine 150mg, tablets, 60 Tabs","Lamivudine 150mg, tablets, 60 Tabs",150mg,60,894,479,3.35,0.06,
"Lamivudine/Zidovudine 150/300mg, tablets, 60 Tabs","Lamivudine/Zidovudine 150/300mg, tablets, 60 Tabs",150/300mg,60,25100,2575,11,0.18,
"Stavudine 30mg, capsules, 60 Caps","Stavudine 30mg, capsules, 60 Caps",30mg,60,95500,9170,1.51,0.03,
"HIV 1/2, Uni-Gold HIV Kit, 20 Tests","HIV 1/2, Uni-Gold HIV Kit, 20 Tests",,20,900,316,40,2,
"Lopinavir/Ritonavir 200/50mg [Aluvia], tablets, 120 Tabs","Lopinavir/Ritonavir 200/50mg [Aluvia], tablets, 120 Tabs",200/50mg,120,80,25,41.1,0.34,
"Lamivudine/Nevirapine/Stavudine 150/200/30mg, tablets, 60 Tabs","Lamivudine/Nevirapine/Stavudine 150/200/30mg, tablets, 60 Tabs",150/200/30mg,60,70000,6813,7.5,0.12,
"Efavirenz 600mg, tablets, 30 Tabs","Efavirenz 600mg, tablets, 30 Tabs",600mg,30,71577,See ASN-242 (ID#:64),15.2,0.51,
"Abacavir 300mg, tablets, 60 Tabs","Abacavir 300mg, tablets, 60 Tabs",300mg,60,5605,See ASN-242 (ID#:64),36.1,0.6,
"HIV 1/2, Determine Complete HIV Kit, 100 Tests","HIV 1/2, Determine Complete HIV Kit, 100 Tests",,100,200,Weight Captured Separately,80,0.8,
"Lamivudine/Nevirapine/Stavudine 150/200/30mg, tablets, 60 Tabs","Lamivudine/Nevirapine/Stavudine 150/200/30mg, tablets, 60 Tabs",150/200/30mg,60,25000,2348,7.5,0.12,300
"#108853** HIV, Genie II HIV-1/HIV-2 Kit, 40 Tests","#108853** HIV, Genie II HIV-1/HIV-2 Kit, 40 Tests",,40,375,402,76,1.9,
"HIV 1/2, Determine Complete HIV Kit, 100 Tests","HIV 1/2, Determine Complete HIV Kit, 100 Tests",,100,4650,1707,80,0.8,
"Didanosine 50mg [Videx], chewable tablets, 60 Tabs","Didanosine 50mg [Videx], chewable tablets, 60 Tabs",50mg,60,1577,306,9.5,0.16,23.97
"HIV 1/2, Determine Complete HIV Kit, 100 Tests","HIV 1/2, Determine Complete HIV Kit, 100 Tests",,100,3500,1194,80,0.8,448
"Didanosine 50mg [Videx], chewable tablets, 60 Tabs","Didanosine 50mg [Videx], chewable tablets, 60 Tabs",50mg,60,4270,Weight Captured Separately,9.5,0.16,64.9
"Nevirapine 10mg/ml, oral suspension, Bottle, 240 ml","Nevirapine 10mg/ml, oral suspension, Bottle, 240 ml",10mg/ml,240,1000,960,1.92,0.01,3.07
"Zidovudine 10mg/ml, oral solution, Bottle, 240 ml","Zidovudine 10mg/ml, oral solution, Bottle, 240 ml",10mg/ml,240,1000,See ASN-744 (ID#:1356),2.1,0.01,3.36
"Zidovudine 10mg/ml, oral solution, Bottle, 240 ml","Zidovudine 10mg/ml, oral solution, Bottle, 240 ml",10mg/ml,240,1000,See ASN-781 (ID#:115),2.1,0.01,3.36
"Lamivudine/Nevirapine/Zidovudine 150/200/300mg, tablets, 60 Tabs","Lamivudine/Nevirapine/Zidovudine 150/200/300mg, tablets, 60 Tabs",150/300/200mg,60,3000,332,13.5,0.22,64.8
"Efavirenz 600mg, tablets, 30 Tabs","Efavirenz 600mg, tablets, 30 Tabs",600mg,30,22500,1955,12.33,0.41,443.88
"Lopinavir/Ritonavir 200/50mg [Aluvia], tablets, 120 Tabs","Lopinavir/Ritonavir 200/50mg [Aluvia], tablets, 120 Tabs",200/50mg,120,500,117,82.19,0.68,65.75
"HIV 1/2, Bioline 3.0 Kit, Lancets, Capillary pipets, Alcohol swabs included, 25 Tests","HIV 1/2, Bioline 3.0 Kit, Lancets, Capillary pipets, Alcohol swabs included, 25 Tests",,25,10000,3336,20,0.8,320
"Tenofovir Disoproxil Fumarate 300mg [Viread], tablets, 30 Tabs","Tenofovir Disoproxil Fumarate 300mg [Viread], tablets, 30 Tabs",300mg,30,1609,157,17,0.57,43.76
"Lopinavir/Ritonavir 80/20mg/ml [Kaletra], oral solution, cool, Bottle 5 x 60 ml","Lopinavir/Ritonavir 80/20mg/ml [Kaletra], oral solution, cool, Bottle 5 x 60 ml",80/20mg/ml,300,30,Weight Captured Separately,48.26,0.16,2.32
"Didanosine EC 400mg [Videx EC], delayed-release capsules, Blister 3 x 10 Caps","Didanosine EC 400mg [Videx EC], delayed-release capsules, Blister 3 x 10 Caps",400mg,30,100,Weight Captured Separately,28.5,0.95,4.56
"Ritonavir 100mg [Norvir], capsules, cool, 4 x 84 Caps","Ritonavir 100mg [Norvir], capsules, cool, 4 x 84 Caps",100mg,336,100,337,183.33,0.55,29.33
"HIV 1/2, Stat-Pak HIV, Kit, 20 Tests","HIV 1/2, Stat-Pak HIV, Kit, 20 Tests",,20,10000,3336,27,1.35,432
"Abacavir 300mg, tablets, 60 Tabs","Abacavir 300mg, tablets, 60 Tabs",300mg,60,1099,113,27.5,0.46,48.36
"Stavudine 20mg, capsules, 60 Caps","Stavudine 20mg, capsules, 60 Caps",20mg,60,1200,125,1.75,0.03,3.36
"HIV 1/2, OraQuick Advance HIV Rapid Antibody Kit, 100 Tests","HIV 1/2, OraQuick Advance HIV Rapid Antibody Kit, 100 Tests",,100,50,Weight Captured Separately,350,3.5,28
"HIV 1/2, Determine HIV Kit, without Lancets, 100 Tests","HIV 1/2, Determine HIV Kit, without Lancets, 100 Tests",,100,650,148,79.99,0.8,83.19
"Stavudine 20mg [Zerit], capsules, 60 Caps","Stavudine 20mg [Zerit], capsules, 60 Caps",20mg,60,100,Weight Captured Separately,5.73,0.1,0.92
"HIV 1/2, Uni-Gold HIV Kit, 20 Tests","HIV 1/2, Uni-Gold HIV Kit, 20 Tests",,20,450,154,32,1.6,23.04
"HIV 1/2, Stat-Pak HIV, Kit, 20 Tests","HIV 1/2, Stat-Pak HIV, Kit, 20 Tests",,20,10270,2907,27,1.35,443.66
"HIV 1/2, Uni-Gold HIV Kit, 20 Tests","HIV 1/2, Uni-Gold HIV Kit, 20 Tests",,20,9000,9000,32,1.6,460.8
"HIV 1/2, Uni-Gold HIV Kit, 20 Tests","HIV 1/2, Uni-Gold HIV Kit, 20 Tests",,20,6040,2052,32,1.6,309.25
"HIV, Lancet, Safety, for HIV Test kits, 100 Pcs","HIV, Lancet, Safety, for HIV Test kits, 100 Pcs",,100,4300,284,0.01,0,0.07
"HIV 1/2, Stat-Pak HIV, Kit, 20 Tests","HIV 1/2, Stat-Pak HIV, Kit, 20 Tests",,20,289,79,27,1.35,15.29
"HIV 1/2, Determine HIV Kit, without Lancets, 100 Tests","HIV 1/2, Determine HIV Kit, without Lancets, 100 Tests",,100,3000,682,71.99,0.72,345.55
"HIV, Lancet, Safety, for HIV Test kits, 100 Pcs","HIV, Lancet, Safety, for HIV Test kits, 100 Pcs",,100,70,Weight Captured Separately,0.01,0,0
"HIV 1/2, Determine HIV Kit, without Lancets, 100 Tests","HIV 1/2, Determine HIV Kit, without Lancets, 100 Tests",,100,1116,255,70,0.7,124.99
"HIV 1/2, Determine HIV Kit, without Lancets, 100 Tests","HIV 1/2, Determine HIV Kit, without Lancets, 100 Tests",,100,1116,256,70,0.7,153.12
"HIV 1/2, Uni-Gold HIV Kit, 20 Tests","HIV 1/2, Uni-Gold HIV Kit, 20 Tests",,20,832,832,32,1.6,42.6
"HIV 1/2, Determine HIV Kit, without Lancets, 100 Tests","HIV 1/2, Determine HIV Kit, without Lancets, 100 Tests",,100,213,49,71.99,0.72,24.53
"HIV 1/2, OraQuick Advance HIV Rapid Antibody Kit, 100 Tests","HIV 1/2, OraQuick Advance HIV Rapid Antibody Kit, 100 Tests",,100,10,39,350,3.5,5.6
"HIV 1/2, Capillus HIV Kit, 100 Tests","HIV 1/2, Capillus HIV Kit, 100 Tests",,100,340,234,139,1.39,75.62
"HIV, Lancet, Safety, for HIV Test kits, 100 Pcs","HIV, Lancet, Safety, for HIV Test kits, 100 Pcs",,100,1634,Weight Captured Separately,0.01,0,0.03
"Lopinavir/Ritonavir 133.3/33.3mg [Kaletra], capsules, cool, 2 x 90 Caps","Lopinavir/Ritonavir 133.3/33.3mg [Kaletra], capsules, cool, 2 x 90 Caps",133.3/33.3mg,180,400,Weight Captured Separately,39.4,0.22,25.22
"Ritonavir 80mg/ml [Norvir], oral solution, cool, Bottle, 90 ml","Ritonavir 80mg/ml [Norvir], oral solution, cool, Bottle, 90 ml",80mg/ml,90,6,Weight Captured Separately,7.88,0.09,0.08
"Tenofovir Disoproxil Fumarate 300mg [Viread], tablets, 30 Tabs","Tenofovir Disoproxil Fumarate 300mg [Viread], tablets, 30 Tabs",300mg,30,500,Weight Captured Separately,21.85,0.73,17.48
"Lamivudine 150mg, tablets, 60 Tabs","Lamivudine 150mg, tablets, 60 Tabs",150mg,60,10080,507,2.9,0.05,46.77
"Efavirenz 600mg, tablets, 30 Tabs","Efavirenz 600mg, tablets, 30 Tabs",600mg,30,6720,522,11.48,0.38,123.43
"HIV, Lancet, Safety, for HIV Test kits, 100 Pcs","HIV, Lancet, Safety, for HIV Test kits, 100 Pcs",,100,250,17,0.01,0,0
"Efavirenz 600mg, tablets, 30 Tabs","Efavirenz 600mg, tablets, 30 Tabs",600mg,30,300,Weight Captured Separately,15.38,0.51,7.38
"Zidovudine 300mg [Retrovir], tablets, 60 Tabs","Zidovudine 300mg [Retrovir], tablets, 60 Tabs",300mg,60,300,Weight Captured Separately,13.85,0.23,6.65
"Didanosine EC 250mg [Videx EC], delayed-release capsules, Blister 3 x 10 Caps","Didanosine EC 250mg [Videx EC], delayed-release capsules, Blister 3 x 10 Caps",250mg,30,100,Weight Captured Separately,18.49,0.62,2.96
"HIV, Lancet, Safety, for HIV Test kits, 100 Pcs","HIV, Lancet, Safety, for HIV Test kits, 100 Pcs",,100,1130,Weight Captured Separately,0.01,0,0.02
"Didanosine 25mg [Videx], chewable tablets, 60 Tabs","Didanosine 25mg [Videx], chewable tablets, 60 Tabs",25mg,60,400,81,7,0.12,4.48
"Stavudine 30mg, capsules, 60 Caps","Stavudine 30mg, capsules, 60 Caps",30mg,60,10780,502,1.45,0.02,25.01
"Lopinavir/Ritonavir 133.3/33.3mg [Kaletra], capsules, cool, 2 x 90 Caps","Lopinavir/Ritonavir 133.3/33.3mg [Kaletra], capsules, cool, 2 x 90 Caps",133.3/33.3mg,180,670,Weight Captured Separately,36.99,0.21,39.65
"Lamivudine 150mg [Epivir], tablets, 60 Tabs","Lamivudine 150mg [Epivir], tablets, 60 Tabs",150mg,60,2000,Weight Captured Separately,5.53,0.09,17.7
"Zidovudine 300mg [Retrovir], tablets, 60 Tabs","Zidovudine 300mg [Retrovir], tablets, 60 Tabs",300mg,60,1000,Weight Captured Separately,16.63,0.28,26.61
"Nevirapine 10mg/ml [Viramune], oral suspension, Bottle, 240 ml","Nevirapine 10mg/ml [Viramune], oral suspension, Bottle, 240 ml",10mg/ml,240,30,Weight Captured Separately,14.53,0.06,0.7
"HIV 1/2, Determine HIV Kit, without Lancets, 100 Tests","HIV 1/2, Determine HIV Kit, without Lancets, 100 Tests",,100,1123,257,70,0.7,154.08
"Lamivudine/Nevirapine/Zidovudine 150/200/300mg, tablets, 60 Tabs","Lamivudine/Nevirapine/Zidovudine 150/200/300mg, tablets, 60 Tabs",150/300/200mg,60,47879,5311,11.89,0.2,910.85
"Lamivudine/Nevirapine/Zidovudine 150/200/300mg, tablets, 60 Tabs","Lamivudine/Nevirapine/Zidovudine 150/200/300mg, tablets, 60 Tabs",150/300/200mg,60,61021,6768,11.89,0.2,1160.86
"Lamivudine/Zidovudine 150/300mg, tablets, 60 Tabs","Lamivudine/Zidovudine 150/300mg, tablets, 60 Tabs",150/300mg,60,4300,See ASN-2274 (ID#:610),8.61,0.14,59.24
"Stavudine 30mg, capsules, 60 Caps","Stavudine 30mg, capsules, 60 Caps",30mg,60,18030,1114,1.45,0.02,41.83
"Zidovudine 300mg [Retrovir], tablets, 60 Tabs","Zidovudine 300mg [Retrovir], tablets, 60 Tabs",300mg,60,50,Weight Captured Separately,13.27,0.22,1.06
"Efavirenz 50mg [Stocrin/Sustiva], capsule, 30 Caps","Efavirenz 50mg [Stocrin/Sustiva], capsule, 30 Caps",50mg,30,250,Weight Captured Separately,2.86,0.1,1.14
"Didanosine EC 250mg [Videx EC], delayed-release capsules, Blister 3 x 10 Caps","Didanosine EC 250mg [Videx EC], delayed-release capsules, Blister 3 x 10 Caps",250mg,30,60,Weight Captured Separately,18.27,0.61,1.75
"Didanosine 2g [Videx], powder for oral solution 10mg/ml, reconstitute to 200 ml","Didanosine 2g [Videx], powder for oral solution 10mg/ml, reconstitute to 200 ml",2g,200,12,Weight Captured Separately,12.54,0.06,0.24
"HIV, Lancet, Safety, for HIV Test kits, 100 Pcs","HIV, Lancet, Safety, for HIV Test kits, 100 Pcs",,100,3000,889,0.01,0,0.05
"HIV 1/2, Determine HIV Kit, without Lancets, 100 Tests","HIV 1/2, Determine HIV Kit, without Lancets, 100 Tests",,100,213,49,71.99,0.72,30.05
"HIV, Lancet, Safety, for HIV Test kits, 100 Pcs","HIV, Lancet, Safety, for HIV Test kits, 100 Pcs",,100,6502,1927,0.01,0,0.1
"HIV 1/2, Determine HIV Kit, without Lancets, 100 Tests","HIV 1/2, Determine HIV Kit, without Lancets, 100 Tests",,100,6875,1566,79.99,0.8,879.89
"Lopinavir/Ritonavir 200/50mg [Aluvia], tablets, 120 Tabs","Lopinavir/Ritonavir 200/50mg [Aluvia], tablets, 120 Tabs",200/50mg,120,434,113,82.2,0.68,69.92
"Lamivudine/Nevirapine/Zidovudine 150/200/300mg, tablets, 60 Tabs","Lamivudine/Nevirapine/Zidovudine 150/200/300mg, tablets, 60 Tabs",150/300/200mg,60,1100,159,11.4,0.19,24.58
"Efavirenz 600mg, tablets, 30 Tabs","Efavirenz 600mg, tablets, 30 Tabs",600mg,30,8400,613,10.19,0.34,167.77
"Lamivudine/Nevirapine/Stavudine 150/200/30mg, tablets, 60 Tabs","Lamivudine/Nevirapine/Stavudine 150/200/30mg, tablets, 60 Tabs",150/200/30mg,60,3648,323,7.25,0.12,51.84
"Malaria Paramax-3 Kit, 25 Tests","Malaria Paramax-3 Kit, 25 Tests",,25,108,34,37.5,1.5,7.94
"HIV 1/2, Stat-Pak HIV, Kit, 20 Tests","HIV 1/2, Stat-Pak HIV, Kit, 20 Tests",,20,5958,2147,27,1.35,257.39
"HIV 1/2, Stat-Pak HIV, Kit, 20 Tests","HIV 1/2, Stat-Pak HIV, Kit, 20 Tests",,20,3982,1445,27,1.35,210.73
"HIV 1/2, SKB Colloidal Gold, Diagnostic Kit, Antibody, 50 Tests","HIV 1/2, SKB Colloidal Gold, Diagnostic Kit, Antibody, 50 Tests",,1,6998,5057,23,23,257.53
"Tenofovir Disoproxil Fumarate 300mg [Viread], tablets, 30 Tabs","Tenofovir Disoproxil Fumarate 300mg [Viread], tablets, 30 Tabs",300mg,30,300,Weight Captured Separately,23.6,0.79,11.33
"Nevirapine 10mg/ml [Viramune], oral suspension, Bottle, 240 ml","Nevirapine 10mg/ml [Viramune], oral suspension, Bottle, 240 ml",10mg/ml,240,40,Weight Captured Separately,13.94,0.06,0.89
"HIV 1/2, SKB Colloidal Gold, Diagnostic Kit, Antibody, 50 Tests","HIV 1/2, SKB Colloidal Gold, Diagnostic Kit, Antibody, 50 Tests",,1,3470,2509,23,23,156.43
"HIV 1/2, SKB Colloidal Gold, Diagnostic Kit, Antibody, 50 Tests","HIV 1/2, SKB Colloidal Gold, Diagnostic Kit, Antibody, 50 Tests",,1,3510,2535,23,23,158.23
"#109440**HIV 1/2, INSTI HIV Antibody Individual POC, 1 Test","#109440**HIV 1/2, INSTI HIV Antibody Individual POC, 1 Test",,1,5000,Weight Captured Separately,2.54,2.54,24.91
"Nevirapine 200mg, tablets, 60 Tabs","Nevirapine 200mg, tablets, 60 Tabs",200mg,60,6000,581,2.9,0.05,34.1
"Efavirenz 600mg, tablets, 30 Tabs","Efavirenz 600mg, tablets, 30 Tabs",600mg,30,1300,Weight Captured Separately,15.7,0.52,40
"Zidovudine 10mg/ml [Retrovir], oral solution, Bottle, 200 ml","Zidovudine 10mg/ml [Retrovir], oral solution, Bottle, 200 ml",10mg/ml,200,120,Weight Captured Separately,6.11,0.03,1.44
"Saquinavir 200mg [Invirase], capsules, 270 Caps","Saquinavir 200mg [Invirase], capsules, 270 Caps",200mg,270,6,Weight Captured Separately,70.68,0.26,0.83
"Nevirapine 10mg/ml [Viramune], oral suspension, Bottle, 240 ml","Nevirapine 10mg/ml [Viramune], oral suspension, Bottle, 240 ml",10mg/ml,240,40,Weight Captured Separately,13.51,0.06,1.06
"HIV 1/2, Determine Complete HIV Kit, 100 Tests","HIV 1/2, Determine Complete HIV Kit, 100 Tests",,100,5751,1723,80,0.8,901.76
"HIV 1/2, Clearview Complete Kit, 25 Tests","HIV 1/2, Clearview Complete Kit, 25 Tests",,25,3,3,75,3,0.44
"HIV 1/2, Stat-Pak HIV, Kit, 20 Tests","HIV 1/2, Stat-Pak HIV, Kit, 20 Tests",,20,100,28,27,1.35,5.29
"HIV 1/2, Uni-Gold HIV Kit, 20 Tests","HIV 1/2, Uni-Gold HIV Kit, 20 Tests",,20,68,22,32,1.6,4.26
"Lamivudine 150mg, tablets, 60 Tabs","Lamivudine 150mg, tablets, 60 Tabs",150mg,60,9000,2228,2.4,0.04,42.34
"Lamivudine/Nevirapine/Zidovudine 150/200/300mg, tablets, 60 Tabs","Lamivudine/Nevirapine/Zidovudine 150/200/300mg, tablets, 60 Tabs",150/300/200mg,60,700,See ASN-3562 (ID#:960),11.15,0.19,15.3
"Efavirenz/Emtricitabine/Tenofovir Disoproxil Fumarate 600/200/300mg [Atripla], tablets, 30 Tabs","Efavirenz/Emtricitabine/Tenofovir Disoproxil Fumarate 600/200/300mg [Atripla], tablets, 30 Tabs",600/200/300mg,30,25000,2067,50.4,1.68,2469.6
"HIV 1/2, Determine HIV Kit, without Lancets, 100 Tests","HIV 1/2, Determine HIV Kit, without Lancets, 100 Tests",,100,1680,382,70,0.7,230.5
"Zidovudine 100mg, capsules, 100 Caps","Zidovudine 100mg, capsules, 100 Caps",100mg,100,2100,187,5,0.05,20.58
"HIV 1/2, Determine Complete HIV Kit, 100 Tests","HIV 1/2, Determine Complete HIV Kit, 100 Tests",,100,9000,2655,72,0.72,1270.08
"Efavirenz 200mg, capsule, 90 Caps","Efavirenz 200mg, capsule, 90 Caps",200mg,90,176,Weight Captured Separately,19.09,0.21,6.59
"Nevirapine 200mg, tablets, 60 Tabs","Nevirapine 200mg, tablets, 60 Tabs",200mg,60,5017,Weight Captured Separately,4.9,0.08,48.18
"Zidovudine 10mg/ml, oral solution, Bottle, 240 ml","Zidovudine 10mg/ml, oral solution, Bottle, 240 ml",10mg/ml,240,929,Weight Captured Separately,3.65,0.02,6.65
"Lamivudine 150mg, tablets, 60 Tabs","Lamivudine 150mg, tablets, 60 Tabs",150mg,60,6700,Weight Captured Separately,5.46,0.09,71.7
"Zidovudine 300mg [Retrovir], tablets, 60 Tabs","Zidovudine 300mg [Retrovir], tablets, 60 Tabs",300mg,60,1350,Weight Captured Separately,14.12,0.24,37.36
"Efavirenz 600mg, tablets, 30 Tabs","Efavirenz 600mg, tablets, 30 Tabs",600mg,30,1120,Weight Captured Separately,14.56,0.49,31.96
"Stavudine 20mg [Zerit], capsules, 60 Caps","Stavudine 20mg [Zerit], capsules, 60 Caps",20mg,60,100,Weight Captured Separately,3.71,0.06,0.73
"Stavudine 30mg, capsules, 60 Caps","Stavudine 30mg, capsules, 60 Caps",30mg,60,1000,Weight Captured Separately,2.92,0.05,5.72
"Nevirapine 200mg [Viramune], tablets, 60 Tabs","Nevirapine 200mg [Viramune], tablets, 60 Tabs",200mg,60,260,Weight Captured Separately,15.52,0.26,7.91
"Didanosine EC 250mg [Videx EC], delayed-release capsules, Blister 3 x 10 Caps","Didanosine EC 250mg [Videx EC], delayed-release capsules, Blister 3 x 10 Caps",250mg,30,60,3000,18.34,0.61,2.16
"Efavirenz 200mg [Stocrin/Sustiva], capsule, 90 Caps","Efavirenz 200mg [Stocrin/Sustiva], capsule, 90 Caps",200mg,90,5000,Weight Captured Separately,32.18,0.36,315.36
"Zidovudine 10mg/ml [Retrovir], solution for IV infusion injection, Vial 5 x 20 ml","Zidovudine 10mg/ml [Retrovir], solution for IV infusion injection, Vial 5 x 20 ml",10mg/ml,5,166,Weight Captured Separately,13.65,2.73,4.44
"Didanosine 50mg [Videx], chewable tablets, 60 Tabs","Didanosine 50mg [Videx], chewable tablets, 60 Tabs",50mg,60,1500,Weight Captured Separately,10.1,0.17,29.69
"Lamivudine/Zidovudine 150/300mg, tablets, 60 Tabs","Lamivudine/Zidovudine 150/300mg, tablets, 60 Tabs",150/300mg,60,7840,719,9.1,0.15,139.83
"Lopinavir/Ritonavir 80/20mg/ml [Kaletra], oral solution, cool, Bottle 5 x 60 ml","Lopinavir/Ritonavir 80/20mg/ml [Kaletra], oral solution, cool, Bottle 5 x 60 ml",80/20mg/ml,300,40,Weight Captured Separately,36,0.12,2.82
"Ritonavir 80mg/ml [Norvir], oral solution, cool, Bottle, 90 ml","Ritonavir 80mg/ml [Norvir], oral solution, cool, Bottle, 90 ml",80mg/ml,90,6,Weight Captured Separately,7.2,0.08,0.08
"Ritonavir 80mg/ml [Norvir], oral solution, cool, Bottle, 90 ml","Ritonavir 80mg/ml [Norvir], oral solution, cool, Bottle, 90 ml",80mg/ml,90,6,Weight Captured Separately,7.2,0.08,0.08
"HIV 1/2, Determine Complete HIV Kit, 100 Tests","HIV 1/2, Determine Complete HIV Kit, 100 Tests",,100,425,130,90,0.9,74.97
"HIV 1/2, Determine Complete HIV Kit, 100 Tests","HIV 1/2, Determine Complete HIV Kit, 100 Tests",,100,276,87,90,0.9,48.69
"Stavudine 20mg [Zerit], capsules, 60 Caps","Stavudine 20mg [Zerit], capsules, 60 Caps",20mg,60,76,See ASN-4332 (ID#:1115),3.95,0.07,0.59
"Lopinavir/Ritonavir 200/50mg [Aluvia], tablets, 120 Tabs","Lopinavir/Ritonavir 200/50mg [Aluvia], tablets, 120 Tabs",200/50mg,120,73,69,41.1,0.34,5.88
"HIV 1/2, Uni-Gold HIV Kit, 20 Tests","HIV 1/2, Uni-Gold HIV Kit, 20 Tests",,20,5,2,32,1.6,0.31
"HIV 1/2, Uni-Gold HIV Kit, 20 Tests","HIV 1/2, Uni-Gold HIV Kit, 20 Tests",,20,4995,4995,32,1.6,313.29
"Lopinavir/Ritonavir 200/50mg [Aluvia], tablets, 120 Tabs","Lopinavir/Ritonavir 200/50mg [Aluvia], tablets, 120 Tabs",200/50mg,120,2040,309,41.1,0.34,164.33
"Lamivudine/Nevirapine/Zidovudine 150/200/300mg, tablets, 60 Tabs","Lamivudine/Nevirapine/Zidovudine 150/200/300mg, tablets, 60 Tabs",150/300/200mg,60,26932,3393,11.79,0.2,622.36
"#108853** HIV, Genie II HIV-1/HIV-2 Kit, 40 Tests","#108853** HIV, Genie II HIV-1/HIV-2 Kit, 40 Tests",,40,1000,1073,110,2.75,215.6
"HIV 1/2, Determine HIV Kit, without Lancets, 100 Tests","HIV 1/2, Determine HIV Kit, without Lancets, 100 Tests",,100,800,195,70,0.7,109.76
"Didanosine 250mg, delayed-release capsules, 30 Caps","Didanosine 250mg, delayed-release capsules, 30 Caps",250mg,30,150,30,13,0.43,3.82
"#108853** HIV, Genie II HIV-1/HIV-2 Kit, 40 Tests","#108853** HIV, Genie II HIV-1/HIV-2 Kit, 40 Tests",,40,140,158,110,2.75,30.18
"Lamivudine/Stavudine 30/6mg, dispersible tablets, 60 Tabs","Lamivudine/Stavudine 30/6mg, dispersible tablets, 60 Tabs",30/6mg,60,2000,251,1.9,0.03,7.45
"Didanosine 25mg [Videx], chewable tablets, 60 Tabs","Didanosine 25mg [Videx], chewable tablets, 60 Tabs",25mg,60,120,Weight Captured Separately,7,0.12,1.65
"Didanosine EC 400mg [Videx EC], delayed-release capsules, Blister 3 x 10 Caps","Didanosine EC 400mg [Videx EC], delayed-release capsules, Blister 3 x 10 Caps",400mg,30,20,Weight Captured Separately,21.9,0.73,0.86
"Stavudine 20mg [Zerit], capsules, 60 Caps","Stavudine 20mg [Zerit], capsules, 60 Caps",20mg,60,320,Weight Captured Separately,4.61,0.08,2.89
"HIV 1/2, Determine Complete HIV Kit, 100 Tests","HIV 1/2, Determine Complete HIV Kit, 100 Tests",,100,2000,590,72,0.72,310.46
"Lopinavir/Ritonavir 200/50mg [Aluvia], tablets, 120 Tabs","Lopinavir/Ritonavir 200/50mg [Aluvia], tablets, 120 Tabs",200/50mg,120,2733,589,82.19,0.68,440.27
"#108853** HIV, Genie II HIV-1/HIV-2 Kit, 40 Tests","#108853** HIV, Genie II HIV-1/HIV-2 Kit, 40 Tests",,40,100,107,75.35,1.88,
"HIV 1/2, Capillus HIV Kit, 100 Tests","HIV 1/2, Capillus HIV Kit, 100 Tests",,100,45,29,175,1.75,
"Tenofovir Disoproxil Fumarate 300mg [Viread], tablets, 30 Tabs","Tenofovir Disoproxil Fumarate 300mg [Viread], tablets, 30 Tabs",300mg,30,1000,61,17,0.57,
"Nevirapine 200mg, tablets, 60 Tabs","Nevirapine 200mg, tablets, 60 Tabs",200mg,60,35000,See ASN-55 (ID#:16),4.35,0.07,
"Lamivudine/Zidovudine 150/300mg, tablets, 60 Tabs","Lamivudine/Zidovudine 150/300mg, tablets, 60 Tabs",150/300mg,60,20000,See ASN-55 (ID#:16),16.9,0.28,
"Lamivudine 10mg/ml, oral solution, Bottle, 240 ml","Lamivudine 10mg/ml, oral solution, Bottle, 240 ml",10mg/ml,240,416,See ASN-57 (ID#:23),4.35,0.02,
"Lamivudine 150mg, tablets, 60 Tabs","Lamivudine 150mg, tablets, 60 Tabs",150mg,60,486,See ASN-57 (ID#:23),4.2,0.07,
"Abacavir 20mg/ml, oral solution, Bottle, 240 ml","Abacavir 20mg/ml, oral solution, Bottle, 240 ml",20mg/ml,240,906,316,21.05,0.09,
"Lamivudine/Zidovudine 150/300mg, tablets, 60 Tabs","Lamivudine/Zidovudine 150/300mg, tablets, 60 Tabs",150/300mg,60,38780,3217,11.14,0.19,
"Nevirapine 200mg, tablets, 60 Tabs","Nevirapine 200mg, tablets, 60 Tabs",200mg,60,4632,See ASN-93 (ID#:1281),3.65,0.06,
"Stavudine 40mg, capsules, 60 Caps","Stavudine 40mg, capsules, 60 Caps",40mg,60,166,See ASN-93 (ID#:1281),2.15,0.04,
"Efavirenz 600mg, tablets, 30 Tabs","Efavirenz 600mg, tablets, 30 Tabs",600mg,30,60784,11179,16.75,0.56,
"Zidovudine 10mg/ml, oral solution, Bottle, 240 ml","Zidovudine 10mg/ml, oral solution, Bottle, 240 ml",10mg/ml,240,1000,3822,5.05,0.02,
"Lamivudine 10mg/ml, oral solution, Bottle, 240 ml","Lamivudine 10mg/ml, oral solution, Bottle, 240 ml",10mg/ml,240,1000,See ASN-272 (ID#:1282),2.44,0.01,
"HIV 1/2, OraQuick Advance HIV Rapid Antibody Kit, 100 Tests","HIV 1/2, OraQuick Advance HIV Rapid Antibody Kit, 100 Tests",,100,25,60,400,4,
"Lamivudine/Nevirapine/Stavudine 150/200/30mg, tablets, 60 Tabs","Lamivudine/Nevirapine/Stavudine 150/200/30mg, tablets, 60 Tabs",150/200/30mg,60,25000,2336,7.5,0.12,300
"Didanosine 100mg [Videx],chewable tablets, 60 Tabs","Didanosine 100mg [Videx],chewable tablets, 60 Tabs",100mg,60,5408,1072,12.75,0.21,
"HIV 1/2, OraQuick Advance HIV Rapid Antibody Kit, 100 Tests","HIV 1/2, OraQuick Advance HIV Rapid Antibody Kit, 100 Tests",,100,50,120,400,4,
"HIV 1/2, Stat-Pak HIV, Kit, 20 Tests","HIV 1/2, Stat-Pak HIV, Kit, 20 Tests",,20,10000,3045,27,1.35,432
"HIV 1/2, Stat-Pak HIV, Kit, 20 Tests","HIV 1/2, Stat-Pak HIV, Kit, 20 Tests",,20,11500,3276,27,1.35,496.8
"HIV 1/2, Stat-Pak HIV, Kit, 20 Tests","HIV 1/2, Stat-Pak HIV, Kit, 20 Tests",,20,8000,2603,27,1.35,345.6
"Efavirenz 600mg, tablets, 30 Tabs","Efavirenz 600mg, tablets, 30 Tabs",600mg,30,22500,2895,12.33,0.41,443.88
"Lamivudine 10mg/ml, oral solution, Bottle, 240 ml","Lamivudine 10mg/ml, oral solution, Bottle, 240 ml",10mg/ml,240,500,See ASN-744 (ID#:1356),1.9,0.01,1.52
"Didanosine 25mg [Videx], chewable tablets, 60 Tabs","Didanosine 25mg [Videx], chewable tablets, 60 Tabs",25mg,60,800,161,7,0.12,8.96
"Lopinavir/Ritonavir 80/20mg/ml [Kaletra], oral solution, cool, Bottle 5 x 60 ml","Lopinavir/Ritonavir 80/20mg/ml [Kaletra], oral solution, cool, Bottle 5 x 60 ml",80/20mg/ml,300,200,340,82.2,0.27,26.3
"HIV 1/2, Bioline 3.0 Kit, Lancets, Capillary pipets, Alcohol swabs included, 25 Tests","HIV 1/2, Bioline 3.0 Kit, Lancets, Capillary pipets, Alcohol swabs included, 25 Tests",,25,10000,3336,20,0.8,320
"HIV 1/2, Bioline 3.0 Kit, Lancets, Capillary pipets, Alcohol swabs included, 25 Tests","HIV 1/2, Bioline 3.0 Kit, Lancets, Capillary pipets, Alcohol swabs included, 25 Tests",,25,5000,1456,20,0.8,160
"HIV 1/2, Clearview Complete Kit, 25 Tests","HIV 1/2, Clearview Complete Kit, 25 Tests",,25,150,Weight Captured Separately,75,3,18
"Stavudine 30mg, capsules, 60 Caps","Stavudine 30mg, capsules, 60 Caps",30mg,60,35065,2318,1.55,0.03,86.96
"HIV 1/2, Uni-Gold HIV Kit, 20 Tests","HIV 1/2, Uni-Gold HIV Kit, 20 Tests",,20,2220,732,32,1.6,113.66
"Didanosine EC 400mg [Videx EC], delayed-release capsules, Blister 3 x 10 Caps","Didanosine EC 400mg [Videx EC], delayed-release capsules, Blister 3 x 10 Caps",400mg,30,140,6,23.67,0.79,5.3
"Lamivudine 10mg/ml [Epivir], oral solution, Bottle, 240 ml","Lamivudine 10mg/ml [Epivir], oral solution, Bottle, 240 ml",10mg/ml,240,500,Weight Captured Separately,7.26,0.03,5.81
"Tenofovir Disoproxil Fumarate 300mg [Viread], tablets, 30 Tabs","Tenofovir Disoproxil Fumarate 300mg [Viread], tablets, 30 Tabs",300mg,30,20,Weight Captured Separately,26.76,0.89,0.86
"Emtricitabine/Tenofovir Disoproxil Fumarate 200/300mg [Truvada], tablets, 30 Tabs","Emtricitabine/Tenofovir Disoproxil Fumarate 200/300mg [Truvada], tablets, 30 Tabs",300/200mg,30,10,Weight Captured Separately,44.3,1.48,0.71
"HIV 1/2, Uni-Gold HIV Kit, 20 Tests","HIV 1/2, Uni-Gold HIV Kit, 20 Tests",,20,4500,2300,32,1.6,230.4
"HIV 1/2, Capillus HIV Kit, 100 Tests","HIV 1/2, Capillus HIV Kit, 100 Tests",,100,2,Weight Captured Separately,139,1.39,0.44
"HIV 1/2, Capillus HIV Kit, 100 Tests","HIV 1/2, Capillus HIV Kit, 100 Tests",,100,4,Weight Captured Separately,139,1.39,0.89
"Efavirenz 50mg [Stocrin/Sustiva], capsule, 30 Caps","Efavirenz 50mg [Stocrin/Sustiva], capsule, 30 Caps",50mg,30,200,Weight Captured Separately,3.48,0.12,1.11
"Efavirenz 600mg [Stocrin/Sustiva], tablets, 30 Tabs","Efavirenz 600mg [Stocrin/Sustiva], tablets, 30 Tabs",600mg,30,1200,Weight Captured Separately,19.84,0.66,38.09
"Emtricitabine/Tenofovir Disoproxil Fumarate 200/300mg [Truvada], tablets, 30 Tabs","Emtricitabine/Tenofovir Disoproxil Fumarate 200/300mg [Truvada], tablets, 30 Tabs",300/200mg,30,30,Weight Captured Separately,42.37,1.41,2.03
"Ritonavir 100mg [Norvir], capsules, cool, 84 Caps","Ritonavir 100mg [Norvir], capsules, cool, 84 Caps",100mg,84,3,Weight Captured Separately,10.77,0.13,0.05
"Didanosine 25mg [Videx], chewable tablets, 60 Tabs","Didanosine 25mg [Videx], chewable tablets, 60 Tabs",25mg,60,546,108,7,0.12,6.12
"HIV 1/2, Stat-Pak HIV, Kit, 20 Tests","HIV 1/2, Stat-Pak HIV, Kit, 20 Tests",,20,9048,2985,27,1.35,390.87
"HIV 1/2, Determine HIV Kit, without Lancets, 100 Tests","HIV 1/2, Determine HIV Kit, without Lancets, 100 Tests",,100,3000,861,79.99,0.8,383.95
"HIV 1/2, Determine HIV Kit, without Lancets, 100 Tests","HIV 1/2, Determine HIV Kit, without Lancets, 100 Tests",,100,3199,550,79.99,0.8,409.42
"Didanosine EC 250mg [Videx EC], delayed-release capsules, Blister 3 x 10 Caps","Didanosine EC 250mg [Videx EC], delayed-release capsules, Blister 3 x 10 Caps",250mg,30,400,Weight Captured Separately,21.04,0.7,13.47
"HIV 1/2, Determine Complete HIV Kit, 100 Tests","HIV 1/2, Determine Complete HIV Kit, 100 Tests",,100,805,Weight Captured Separately,78.22,0.78,100.75
"HIV, Lancet, Safety, for HIV Test kits, 100 Pcs","HIV, Lancet, Safety, for HIV Test kits, 100 Pcs",,100,4200,Weight Captured Separately,0.01,0,0.07
"HIV 1/2, Determine HIV Kit, without Lancets, 100 Tests","HIV 1/2, Determine HIV Kit, without Lancets, 100 Tests",,100,2000,455,71.99,0.72,230.37
"HIV 1/2, Determine HIV Kit, without Lancets, 100 Tests","HIV 1/2, Determine HIV Kit, without Lancets, 100 Tests",,100,70,16,71.99,0.72,8.06
"HIV 1/2, Determine HIV Kit, without Lancets, 100 Tests","HIV 1/2, Determine HIV Kit, without Lancets, 100 Tests",,100,1116,255,70,0.7,124.99
"HIV 1/2, Determine HIV Kit, without Lancets, 100 Tests","HIV 1/2, Determine HIV Kit, without Lancets, 100 Tests",,100,850,194,71.99,0.72,97.91
"Efavirenz 200mg [Stocrin/Sustiva], capsule, 90 Caps","Efavirenz 200mg [Stocrin/Sustiva], capsule, 90 Caps",200mg,90,20,Weight Captured Separately,28.15,0.31,0.9
"Efavirenz 600mg, tablets, 30 Tabs","Efavirenz 600mg, tablets, 30 Tabs",600mg,30,2500,Weight Captured Separately,15,0.5,60
"Abacavir 300mg, tablets, 60 Tabs","Abacavir 300mg, tablets, 60 Tabs",300mg,60,520,137,25,0.42,20.8
"Stavudine 30mg, capsules, 60 Caps","Stavudine 30mg, capsules, 60 Caps",30mg,60,2576,121,1.51,0.03,6.22
"Stavudine 30mg, capsules, 60 Caps","Stavudine 30mg, capsules, 60 Caps",30mg,60,2464,114,1.51,0.03,5.95
"HIV 1/2, Determine HIV Kit, without Lancets, 100 Tests","HIV 1/2, Determine HIV Kit, without Lancets, 100 Tests",,100,100,25,71.99,0.72,11.52
"HIV, Lancet, Safety, for HIV Test kits, 100 Pcs","HIV, Lancet, Safety, for HIV Test kits, 100 Pcs",,100,100,Weight Captured Separately,0.01,0,0
"HIV 1/2, Determine HIV Kit, without Lancets, 100 Tests","HIV 1/2, Determine HIV Kit, without Lancets, 100 Tests",,100,100,25,71.99,0.72,11.52
"HIV 1/2, Stat-Pak HIV, Kit, 20 Tests","HIV 1/2, Stat-Pak HIV, Kit, 20 Tests",,20,81,Weight Captured Separately,46.89,2.34,6.08
"Ritonavir 100mg [Norvir], capsules, cool, 84 Caps","Ritonavir 100mg [Norvir], capsules, cool, 84 Caps",100mg,84,4,Weight Captured Separately,9.72,0.12,0.06
"Nevirapine 200mg, tablets, 60 Tabs","Nevirapine 200mg, tablets, 60 Tabs",200mg,60,150,Weight Captured Separately,21.11,0.35,5.07
"Stavudine 30mg [Zerit], capsules, 60 Caps","Stavudine 30mg [Zerit], capsules, 60 Caps",30mg,60,1350,Weight Captured Separately,5.17,0.09,11.17
"HIV 1/2, Determine HIV Kit, without Lancets, 100 Tests","HIV 1/2, Determine HIV Kit, without Lancets, 100 Tests",,100,1123,257,70,0.7,154.08
"HIV 1/2, Uni-Gold HIV Kit, 20 Tests","HIV 1/2, Uni-Gold HIV Kit, 20 Tests",,20,9000,3000,32,1.6,460.8
"Tenofovir Disoproxil Fumarate 300mg, tablets, 30 Tabs","Tenofovir Disoproxil Fumarate 300mg, tablets, 30 Tabs",300mg,30,2016,120,12.36,0.41,39.87
"Efavirenz 600mg, tablets, 30 Tabs","Efavirenz 600mg, tablets, 30 Tabs",600mg,30,1000,Weight Captured Separately,16.19,0.54,25.9
"HIV 1/2, Stat-Pak HIV, Kit, 20 Tests","HIV 1/2, Stat-Pak HIV, Kit, 20 Tests",,20,12315,3508,27,1.35,532.01
"Didanosine EC 400mg [Videx EC], delayed-release capsules, Blister 3 x 10 Caps","Didanosine EC 400mg [Videx EC], delayed-release capsules, Blister 3 x 10 Caps",400mg,30,50,2,23.67,0.79,1.89
"Lamivudine/Nevirapine/Stavudine 150/200/30mg, tablets, 60 Tabs","Lamivudine/Nevirapine/Stavudine 150/200/30mg, tablets, 60 Tabs",150/200/30mg,60,1440,128,7.25,0.12,20.46
"HIV, Lancet, Safety, for HIV Test kits, 100 Pcs","HIV, Lancet, Safety, for HIV Test kits, 100 Pcs",,100,4500,See ASN-2641 (ID#:670),0.01,0,0.09
"HIV 1/2, SKB Colloidal Gold, Diagnostic Kit, Antibody, 50 Tests","HIV 1/2, SKB Colloidal Gold, Diagnostic Kit, Antibody, 50 Tests",,1,6998,4913,23,23,315.47
"Zidovudine 10mg/ml [Retrovir], oral solution, Bottle, 200 ml","Zidovudine 10mg/ml [Retrovir], oral solution, Bottle, 200 ml",10mg/ml,200,60,Weight Captured Separately,6.01,0.03,0.58
"Stavudine 40mg [Zerit], capsules, 60 Caps","Stavudine 40mg [Zerit], capsules, 60 Caps",40mg,60,130,Weight Captured Separately,4.96,0.08,1.03
"Abacavir 300mg [Ziagen], tablets, Blister 6 x 10 Tabs","Abacavir 300mg [Ziagen], tablets, Blister 6 x 10 Tabs",300mg,60,40,Weight Captured Separately,33.43,0.56,2.14
"HIV 1/2, Clearview Complete Kit, 25 Tests","HIV 1/2, Clearview Complete Kit, 25 Tests",,25,1,Weight Captured Separately,75,3,0.12
"Artesunate+Amodiaquine 50+153mg, tablets, co-blister 6+6 Tabs","Artesunate+Amodiaquine 50+153mg, tablets, co-blister 6+6 Tabs",50+153mg,12,50000,See ASN-2921 (ID#:719),0.39,0.03,38.22
"HIV 1/2, Determine Complete HIV Kit, 100 Tests","HIV 1/2, Determine Complete HIV Kit, 100 Tests",,100,1000,337,80,0.8,156.8
"HIV 1/2, Determine HIV Kit, without Lancets, 100 Tests","HIV 1/2, Determine HIV Kit, without Lancets, 100 Tests",,100,1000,296,71.99,0.72,115.18
"#108853** HIV, Genie II HIV-1/HIV-2 Kit, 40 Tests","#108853** HIV, Genie II HIV-1/HIV-2 Kit, 40 Tests",,40,862,963,76,1.9,128.4
"Efavirenz/Emtricitabine/Tenofovir Disoproxil Fumarate 600/200/300mg [Atripla], tablets, 30 Tabs","Efavirenz/Emtricitabine/Tenofovir Disoproxil Fumarate 600/200/300mg [Atripla], tablets, 30 Tabs",600/200/300mg,30,5900,493,50.4,1.68,475.78
"HIV 1/2, Determine HIV Kit, without Lancets, 100 Tests","HIV 1/2, Determine HIV Kit, without Lancets, 100 Tests",,100,5500,1624,71.99,0.72,776.05
"Lamivudine 150mg, tablets, 60 Tabs","Lamivudine 150mg, tablets, 60 Tabs",150mg,60,6156,1044,2.4,0.04,28.96
"HIV 1/2, Determine Complete HIV Kit, 100 Tests","HIV 1/2, Determine Complete HIV Kit, 100 Tests",,100,150,46,72,0.72,21.17
"Didanosine EC 250mg [Videx EC], delayed-release capsules, Blister 3 x 10 Caps","Didanosine EC 250mg [Videx EC], delayed-release capsules, Blister 3 x 10 Caps",250mg,30,50,2,18.34,0.61,1.8
"HIV 1/2, SKB Colloidal Gold, Diagnostic Kit, Antibody, 50 Tests","HIV 1/2, SKB Colloidal Gold, Diagnostic Kit, Antibody, 50 Tests",,1,3510,2535,23,23,158.23
"Stavudine 30mg [Zerit], capsules, 60 Caps","Stavudine 30mg [Zerit], capsules, 60 Caps",30mg,60,1200,Weight Captured Separately,4.81,0.08,11.31
"HIV 1/2, Uni-Gold HIV Kit, 20 Tests","HIV 1/2, Uni-Gold HIV Kit, 20 Tests",,20,839,284,32,1.6,52.62
"HIV 1/2, Determine Complete HIV Kit, 100 Tests","HIV 1/2, Determine Complete HIV Kit, 100 Tests",,100,5259,1584,80,0.8,824.61
"HIV 1/2, Determine HIV Kit, without Lancets, 100 Tests","HIV 1/2, Determine HIV Kit, without Lancets, 100 Tests",,100,7,See ASN-3110 (ID#:2173),70,0.7,0.96
"HIV 1/2, Uni-Gold HIV Kit, 20 Tests","HIV 1/2, Uni-Gold HIV Kit, 20 Tests",,20,1062,355,32,1.6,66.61
"HIV 1/2, Determine Complete HIV Kit, 100 Tests","HIV 1/2, Determine Complete HIV Kit, 100 Tests",,100,213,64,72,0.72,30.06
"Zidovudine 300mg, tablets, 60 Tabs","Zidovudine 300mg, tablets, 60 Tabs",300mg,60,336,18,7.5,0.12,4.94
"Lamivudine/Nevirapine/Zidovudine 150/200/300mg, tablets, 60 Tabs","Lamivudine/Nevirapine/Zidovudine 150/200/300mg, tablets, 60 Tabs",150/300/200mg,60,300,See ASN-3561 (ID#:2297),11.15,0.19,6.56
"HIV 1/2, Determine HIV Kit, without Lancets, 100 Tests","HIV 1/2, Determine HIV Kit, without Lancets, 100 Tests",,100,386,88,70,0.7,52.96
"Didanosine 25mg [Videx], chewable tablets, 60 Tabs","Didanosine 25mg [Videx], chewable tablets, 60 Tabs",25mg,60,80,See ASN-3675 (ID#:1046),7,0.12,1.1
"Lopinavir/Ritonavir 200/50mg [Aluvia], tablets, 120 Tabs","Lopinavir/Ritonavir 200/50mg [Aluvia], tablets, 120 Tabs",200/50mg,120,1470,362,41.1,0.34,118.42
"Stavudine 15mg [Zerit], capsules, 60 Caps","Stavudine 15mg [Zerit], capsules, 60 Caps",15mg,60,1000,Weight Captured Separately,3.97,0.07,7.78
"Stavudine 30mg, capsules, 60 Caps","Stavudine 30mg, capsules, 60 Caps",30mg,60,3675,Weight Captured Separately,2.55,0.04,18.37
"Efavirenz 200mg, capsule, 90 Caps","Efavirenz 200mg, capsule, 90 Caps",200mg,90,824,Weight Captured Separately,18.83,0.21,30.41
"Nevirapine 200mg [Viramune], tablets, 60 Tabs","Nevirapine 200mg [Viramune], tablets, 60 Tabs",200mg,60,10560,Weight Captured Separately,15.44,0.26,319.57
"Lamivudine 150mg [Epivir], tablets, 60 Tabs","Lamivudine 150mg [Epivir], tablets, 60 Tabs",150mg,60,10000,Weight Captured Separately,5.68,0.09,111.33
"Nevirapine 200mg [Viramune], tablets, 60 Tabs","Nevirapine 200mg [Viramune], tablets, 60 Tabs",200mg,60,1560,Weight Captured Separately,15.16,0.25,46.35
"Efavirenz 50mg [Stocrin/Sustiva], capsule, 30 Caps","Efavirenz 50mg [Stocrin/Sustiva], capsule, 30 Caps",50mg,30,360,Weight Captured Separately,2.36,0.08,1.67
"Stavudine 1mg/ml, powder for oral solution, 200 ml","Stavudine 1mg/ml, powder for oral solution, 200 ml",1mg/ml,200,3000,Weight Captured Separately,1.99,0.01,11.7
"Zidovudine 300mg, tablets, 60 Tabs","Zidovudine 300mg, tablets, 60 Tabs",300mg,60,1977,Weight Captured Separately,11.68,0.19,45.26
"Efavirenz 600mg, tablets, 30 Tabs","Efavirenz 600mg, tablets, 30 Tabs",600mg,30,282,Weight Captured Separately,15.3,0.51,8.46
"Nevirapine 10mg/ml [Viramune], oral suspension, Bottle, 240 ml","Nevirapine 10mg/ml [Viramune], oral suspension, Bottle, 240 ml",10mg/ml,240,30,Weight Captured Separately,10.42,0.04,0.61
"Didanosine EC 400mg [Videx EC], delayed-release capsules, Blister 3 x 10 Caps","Didanosine EC 400mg [Videx EC], delayed-release capsules, Blister 3 x 10 Caps",400mg,30,60,Weight Captured Separately,18.25,0.61,2.15
"Zidovudine 10mg/ml [Retrovir], solution for IV infusion injection, Vial 5 x 20 ml","Zidovudine 10mg/ml [Retrovir], solution for IV infusion injection, Vial 5 x 20 ml",10mg/ml,5,10,Weight Captured Separately,12.51,2.5,0.25
"Saquinavir 200mg [Invirase], capsules, 270 Caps","Saquinavir 200mg [Invirase], capsules, 270 Caps",200mg,270,2,Weight Captured Separately,57.45,0.21,0.23
"Ritonavir 100mg [Norvir], capsules, cool, 84 Caps","Ritonavir 100mg [Norvir], capsules, cool, 84 Caps",100mg,84,20,Weight Captured Separately,7.35,0.09,0.29
"Zidovudine 10mg/ml [Retrovir], solution for IV infusion injection, Vial 5 x 20 ml","Zidovudine 10mg/ml [Retrovir], solution for IV infusion injection, Vial 5 x 20 ml",10mg/ml,5,334,Weight Captured Separately,13.65,2.73,8.94
"Efavirenz 600mg, tablets, 30 Tabs","Efavirenz 600mg, tablets, 30 Tabs",600mg,30,3500,Weight Captured Separately,12.62,0.42,86.57
"Abacavir 300mg, tablets, 60 Tabs","Abacavir 300mg, tablets, 60 Tabs",300mg,60,1500,See ASN-737 (ID#:2765),27.65,0.46,66.36
"Efavirenz 200mg, capsule, 90 Caps","Efavirenz 200mg, capsule, 90 Caps",200mg,90,2000,Weight Captured Separately,21.68,0.24,84.99
"Lopinavir/Ritonavir 200/50mg [Aluvia], tablets, 120 Tabs","Lopinavir/Ritonavir 200/50mg [Aluvia], tablets, 120 Tabs",200/50mg,120,1400,Weight Captured Separately,35.38,0.29,97.08
"Stavudine 15mg [Zerit], capsules, 60 Caps","Stavudine 15mg [Zerit], capsules, 60 Caps",15mg,60,1800,Weight Captured Separately,3.95,0.07,13.94
"Zidovudine 100mg [Retrovir], capsules, 100 Caps","Zidovudine 100mg [Retrovir], capsules, 100 Caps",100mg,100,800,Weight Captured Separately,12.36,0.12,19.38
"Lamivudine 150mg, tablets, 60 Tabs","Lamivudine 150mg, tablets, 60 Tabs",150mg,60,36,Weight Captured Separately,7.08,0.12,0.5
"HIV 1/2, OraQuick Advance HIV Rapid Antibody Kit, 100 Tests","HIV 1/2, OraQuick Advance HIV Rapid Antibody Kit, 100 Tests",,100,20,48,350,3.5,13.72
"Zidovudine 100mg [Retrovir], capsules, 100 Caps","Zidovudine 100mg [Retrovir], capsules, 100 Caps",100mg,100,30,Weight Captured Separately,12.37,0.12,0.73
"HIV 1/2, Determine Complete HIV Kit, 100 Tests","HIV 1/2, Determine Complete HIV Kit, 100 Tests",,100,7500,2215,80,0.8,1176
"Lamivudine/Nevirapine/Zidovudine 150/200/300mg, tablets, 60 Tabs","Lamivudine/Nevirapine/Zidovudine 150/200/300mg, tablets, 60 Tabs",150/300/200mg,60,54432,7278,11.79,0.2,1257.84
"HIV 1/2, Determine HIV Kit, without Lancets, 100 Tests","HIV 1/2, Determine HIV Kit, without Lancets, 100 Tests",,100,180,43,70,0.7,24.7
"Abacavir/Lamivudine/Zidovudine 300/150/300mg [Trizivir], tablets, 60 Tabs","Abacavir/Lamivudine/Zidovudine 300/150/300mg [Trizivir], tablets, 60 Tabs",300/150/300mg,60,2048,Weight Captured Separately,53.71,0.9,215.6
"Lamivudine/Nevirapine/Stavudine 150/200/30mg, tablets, 60 Tabs","Lamivudine/Nevirapine/Stavudine 150/200/30mg, tablets, 60 Tabs",150/200/30mg,60,35616,3479,6.75,0.11,471.2
"Efavirenz 600mg, tablets, 30 Tabs","Efavirenz 600mg, tablets, 30 Tabs",600mg,30,6552,524,6.5,0.22,83.47
"Stavudine 30mg, capsules, 60 Caps","Stavudine 30mg, capsules, 60 Caps",30mg,60,15960,1815,1.45,0.02,45.36
"Lamivudine/Nevirapine/Zidovudine 150/200/300mg, tablets, 60 Tabs","Lamivudine/Nevirapine/Zidovudine 150/200/300mg, tablets, 60 Tabs",150/300/200mg,60,3500,See ASN-4419 (ID#:3851),11.15,0.19,76.49
"HIV 1/2, OraQuick Advance HIV Rapid Antibody Kit, 100 Tests","HIV 1/2, OraQuick Advance HIV Rapid Antibody Kit, 100 Tests",,100,1,3,350,3.5,0.69
"Didanosine 25mg [Videx], chewable tablets, 60 Tabs","Didanosine 25mg [Videx], chewable tablets, 60 Tabs",25mg,60,120,Weight Captured Separately,7,0.12,1.65
"Nevirapine 200mg [Viramune], tablets, 60 Tabs","Nevirapine 200mg [Viramune], tablets, 60 Tabs",200mg,60,360,Weight Captured Separately,19.56,0.33,13.8
"Didanosine EC 250mg [Videx EC], delayed-release capsules, Blister 3 x 10 Caps","Didanosine EC 250mg [Videx EC], delayed-release capsules, Blister 3 x 10 Caps",250mg,30,40,Weight Captured Separately,16.97,0.57,1.33
"Zidovudine 300mg [Retrovir], tablets, 60 Tabs","Zidovudine 300mg [Retrovir], tablets, 60 Tabs",300mg,60,200,Weight Captured Separately,15.68,0.26,6.15
"Nevirapine 10mg/ml, oral suspension, Bottle, 240 ml","Nevirapine 10mg/ml, oral suspension, Bottle, 240 ml",10mg/ml,240,30,Weight Captured Separately,10.94,0.05,0.64
"Saquinavir 200mg [Invirase], capsules, 270 Caps","Saquinavir 200mg [Invirase], capsules, 270 Caps",200mg,270,30,Weight Captured Separately,76.6,0.28,4.5
"Tenofovir Disoproxil Fumarate 300mg [Viread], tablets, 30 Tabs","Tenofovir Disoproxil Fumarate 300mg [Viread], tablets, 30 Tabs",300mg,30,300,Weight Captured Separately,24.8,0.83,14.58
"HIV 1/2, Visitect Kit, 25 Tests","HIV 1/2, Visitect Kit, 25 Tests",,25,44,15,31.25,1.25,
"Lamivudine/Zidovudine 150/300mg, tablets, 60 Tabs","Lamivudine/Zidovudine 150/300mg, tablets, 60 Tabs",150/300mg,60,5080,1172,11,0.18,
"Nelfinavir (as mesilate) 250mg [Viracept], tablets, 270 Tabs","Nelfinavir (as mesilate) 250mg [Viracept], tablets, 270 Tabs",250mg,270,200,54,163.44,0.61,
"HIV 1/2/O, First Response HIV 1-2.0, v.3.0 Cards Kit, 30 Tests","HIV 1/2/O, First Response HIV 1-2.0, v.3.0 Cards Kit, 30 Tests",,30,2000,600,21,0.7,
"HIV 1/2, Uni-Gold HIV Kit, 20 Tests","HIV 1/2, Uni-Gold HIV Kit, 20 Tests",,20,500,173,40,2,
"HIV 1/2, Determine Complete HIV Kit, 100 Tests","HIV 1/2, Determine Complete HIV Kit, 100 Tests",,100,2500,857354,80,0.8,
"HIV 1/2, Bioline 3.0 Kit, Lancets, Capillary pipets, Alcohol swabs included, 25 Tests","HIV 1/2, Bioline 3.0 Kit, Lancets, Capillary pipets, Alcohol swabs included, 25 Tests",,25,400,134,20,0.8,
"HIV 1/2, Capillus HIV Kit, 100 Tests","HIV 1/2, Capillus HIV Kit, 100 Tests",,100,125,78,139,1.39,
"HIV 1/2, Determine Complete HIV Kit, 100 Tests","HIV 1/2, Determine Complete HIV Kit, 100 Tests",,100,1500,512,80,0.8,192
"Lopinavir/Ritonavir 200/50mg [Aluvia], tablets, 120 Tabs","Lopinavir/Ritonavir 200/50mg [Aluvia], tablets, 120 Tabs",200/50mg,120,1000,226,82.19,0.68,131.5
"HIV, Lancet, Safety, for HIV Test kits, 100 Pcs","HIV, Lancet, Safety, for HIV Test kits, 100 Pcs",,100,300,Weight Captured Separately,0.01,0,0
"Stavudine 20mg [Zerit], capsules, 60 Caps","Stavudine 20mg [Zerit], capsules, 60 Caps",20mg,60,1161,Weight Captured Separately,5.64,0.09,10.48
"HIV 1/2, Bioline 3.0 Kit, Lancets, Capillary pipets, Alcohol swabs included, 25 Tests","HIV 1/2, Bioline 3.0 Kit, Lancets, Capillary pipets, Alcohol swabs included, 25 Tests",,25,10000,3338,20,0.8,320
"HIV 1/2, Bioline 3.0 Kit, Lancets, Capillary pipets, Alcohol swabs included, 25 Tests","HIV 1/2, Bioline 3.0 Kit, Lancets, Capillary pipets, Alcohol swabs included, 25 Tests",,25,10000,3112,20,0.8,392
"HIV, Lancet, Safety, for HIV Test kits, 100 Pcs","HIV, Lancet, Safety, for HIV Test kits, 100 Pcs",,100,442,Weight Captured Separately,0.01,0,0.01
"HIV 1/2, Stat-Pak HIV, Kit, 20 Tests","HIV 1/2, Stat-Pak HIV, Kit, 20 Tests",,20,250,68,27,1.35,10.8
"Zidovudine 300mg [Retrovir], tablets, 60 Tabs","Zidovudine 300mg [Retrovir], tablets, 60 Tabs",300mg,60,800,Weight Captured Separately,19.26,0.32,24.65
"Stavudine 30mg [Zerit], capsules, 60 Caps","Stavudine 30mg [Zerit], capsules, 60 Caps",30mg,60,800,Weight Captured Separately,5.99,0.1,7.67
"HIV 1/2, Uni-Gold HIV Kit, 20 Tests","HIV 1/2, Uni-Gold HIV Kit, 20 Tests",,20,2450,See ASN-1028 (ID#:2927),32,1.6,125.44
"Lamivudine/Nevirapine/Stavudine 150/200/30mg, tablets, 60 Tabs","Lamivudine/Nevirapine/Stavudine 150/200/30mg, tablets, 60 Tabs",150/200/30mg,60,38784,4124,7,0.12,434.38
"Lopinavir/Ritonavir 200/50mg [Aluvia], tablets, 120 Tabs","Lopinavir/Ritonavir 200/50mg [Aluvia], tablets, 120 Tabs",200/50mg,120,2000,513,82.2,0.68,263.04
"Stavudine 20mg, capsules, 60 Caps","Stavudine 20mg, capsules, 60 Caps",20mg,60,800,See ASN-1231 (ID#:2947),1.75,0.03,2.24
"Nevirapine 200mg [Viramune], tablets, 60 Tabs","Nevirapine 200mg [Viramune], tablets, 60 Tabs",200mg,60,100,Weight Captured Separately,23.18,0.39,3.71
"Zidovudine 300mg [Retrovir], tablets, 60 Tabs","Zidovudine 300mg [Retrovir], tablets, 60 Tabs",300mg,60,800,Weight Captured Separately,17.45,0.29,22.34
"Lamivudine 10mg/ml [Epivir], oral solution, Bottle, 240 ml","Lamivudine 10mg/ml [Epivir], oral solution, Bottle, 240 ml",10mg/ml,240,300,Weight Captured Separately,6.83,0.03,3.28
"Lopinavir/Ritonavir 100/25mg [Aluvia], tablets, 60 Tabs","Lopinavir/Ritonavir 100/25mg [Aluvia], tablets, 60 Tabs",100/25mg,60,180,31,10.28,0.17,2.96
"Didanosine EC 400mg [Videx EC], delayed-release capsules, Blister 3 x 10 Caps","Didanosine EC 400mg [Videx EC], delayed-release capsules, Blister 3 x 10 Caps",400mg,30,800,Weight Captured Separately,27.15,0.9,34.75
"HIV 1/2, Determine HIV Kit, without Lancets, 100 Tests","HIV 1/2, Determine HIV Kit, without Lancets, 100 Tests",,100,4300,979,71.99,0.72,495.29
"#108853** HIV, Genie II HIV-1/HIV-2 Kit, 40 Tests","#108853** HIV, Genie II HIV-1/HIV-2 Kit, 40 Tests",,40,476,522,76,1.9,57.88
"HIV 1/2, Uni-Gold HIV Kit, 20 Tests","HIV 1/2, Uni-Gold HIV Kit, 20 Tests",,20,3150,1080,32,1.6,161.28
"HIV 1/2, Determine HIV Kit, without Lancets, 100 Tests","HIV 1/2, Determine HIV Kit, without Lancets, 100 Tests",,100,1116,256,70,0.7,124.99
"HIV 1/2, Uni-Gold HIV Kit, 20 Tests","HIV 1/2, Uni-Gold HIV Kit, 20 Tests",,20,1062,362,32,1.6,54.37
"HIV, Lancet, Safety, for HIV Test kits, 100 Pcs","HIV, Lancet, Safety, for HIV Test kits, 100 Pcs",,100,200,Weight Captured Separately,0.01,0,0
"HIV 1/2, DoubleCheck II Kit, 40 Tests","HIV 1/2, DoubleCheck II Kit, 40 Tests",,40,500,Weight Captured Separately,79,1.98,63.2
"HIV, Lancet, Safety, for HIV Test kits, 100 Pcs","HIV, Lancet, Safety, for HIV Test kits, 100 Pcs",,100,142,Weight Captured Separately,0.01,0,0
"Lamivudine 10mg/ml [Epivir], oral solution, Bottle, 240 ml","Lamivudine 10mg/ml [Epivir], oral solution, Bottle, 240 ml",10mg/ml,240,1000,Weight Captured Separately,6.41,0.03,10.26
"Didanosine 100mg, chewable/dispersible tablets, 60 Tabs","Didanosine 100mg, chewable/dispersible tablets, 60 Tabs",100mg,60,408,See ASN-2023 (ID#:3094),7.75,0.13,5.06
"Lamivudine/Nevirapine/Stavudine 150/200/30mg, tablets, 60 Tabs","Lamivudine/Nevirapine/Stavudine 150/200/30mg, tablets, 60 Tabs",150/200/30mg,60,10420,1000,7.4,0.12,123.37
"Lamivudine/Nevirapine/Stavudine 150/200/30mg, tablets, 60 Tabs","Lamivudine/Nevirapine/Stavudine 150/200/30mg, tablets, 60 Tabs",150/200/30mg,60,9600,920,7.4,0.12,113.66
"Lopinavir/Ritonavir 200/50mg [Aluvia], tablets, 120 Tabs","Lopinavir/Ritonavir 200/50mg [Aluvia], tablets, 120 Tabs",200/50mg,120,1520,385,82.2,0.68,199.91
"Lopinavir/Ritonavir 200/50mg [Aluvia], tablets, 120 Tabs","Lopinavir/Ritonavir 200/50mg [Aluvia], tablets, 120 Tabs",200/50mg,120,800,208,82.2,0.68,105.22
"HIV 1/2, Determine Complete HIV Kit, 100 Tests","HIV 1/2, Determine Complete HIV Kit, 100 Tests",,100,30,Weight Captured Separately,85,0.85,4.08
"Lamivudine/Nevirapine/Stavudine 150/200/30mg, tablets, 60 Tabs","Lamivudine/Nevirapine/Stavudine 150/200/30mg, tablets, 60 Tabs",150/200/30mg,60,15360,1360,7.4,0.12,181.86
"Nevirapine 200mg, tablets, 60 Tabs","Nevirapine 200mg, tablets, 60 Tabs",200mg,60,2180,242,3.21,0.05,11.2
"Lamivudine/Zidovudine 150/300mg, tablets, 60 Tabs","Lamivudine/Zidovudine 150/300mg, tablets, 60 Tabs",150/300mg,60,2016,185,9.25,0.15,29.84
"Didanosine 25mg [Videx], chewable tablets, 60 Tabs","Didanosine 25mg [Videx], chewable tablets, 60 Tabs",25mg,60,400,81,7,0.12,4.48
"Efavirenz 600mg, tablets, 30 Tabs","Efavirenz 600mg, tablets, 30 Tabs",600mg,30,10080,See ASN-2336 (ID#:530),10.24,0.34,165.15
"Didanosine 25mg [Videx], chewable tablets, 60 Tabs","Didanosine 25mg [Videx], chewable tablets, 60 Tabs",25mg,60,4,Weight Captured Separately,13.24,0.22,0.08
"HIV 1/2, Determine HIV Kit, without Lancets, 100 Tests","HIV 1/2, Determine HIV Kit, without Lancets, 100 Tests",,100,2059,470,70,0.7,230.61
"Tenofovir Disoproxil Fumarate 300mg [Viread], tablets, 30 Tabs","Tenofovir Disoproxil Fumarate 300mg [Viread], tablets, 30 Tabs",300mg,30,400,Weight Captured Separately,23.84,0.79,15.26
"HIV 1/2, Uni-Gold HIV Kit, 20 Tests","HIV 1/2, Uni-Gold HIV Kit, 20 Tests",,20,5900,1989,32,1.6,370.05
"Didanosine EC 400mg [Videx EC], delayed-release capsules, Blister 3 x 10 Caps","Didanosine EC 400mg [Videx EC], delayed-release capsules, Blister 3 x 10 Caps",400mg,30,2597,Weight Captured Separately,23.67,0.79,120.48
"HIV 1/2, Determine HIV Kit, without Lancets, 100 Tests","HIV 1/2, Determine HIV Kit, without Lancets, 100 Tests",,100,3000,See ASN-2448 (ID#:1939),71.99,0.72,345.55
"HIV 1/2, Uni-Gold HIV Kit, 20 Tests","HIV 1/2, Uni-Gold HIV Kit, 20 Tests",,20,1062,1062,32,1.6,54.37
"HIV 1/2, Uni-Gold HIV Kit, 20 Tests","HIV 1/2, Uni-Gold HIV Kit, 20 Tests",,20,5,3,32,1.6,0.26
"HIV 1/2, Determine HIV Kit, without Lancets, 100 Tests","HIV 1/2, Determine HIV Kit, without Lancets, 100 Tests",,100,8,5406,70,0.7,0.9
"Nevirapine 200mg, tablets, 60 Tabs","Nevirapine 200mg, tablets, 60 Tabs",200mg,60,1848,327,2.9,0.05,8.57
"HIV 1/2, Bundi Rapid HIV Kit, 25 Tests","HIV 1/2, Bundi Rapid HIV Kit, 25 Tests",,1,1369,Weight Captured Separately,37.5,37.5,100.62
"HIV 1/2, SKB Colloidal Gold, Diagnostic Kit, Antibody, 50 Tests","HIV 1/2, SKB Colloidal Gold, Diagnostic Kit, Antibody, 50 Tests",,1,7002,4922,23,23,315.65
"HIV 1/2, SKB Colloidal Gold, Diagnostic Kit, Antibody, 50 Tests","HIV 1/2, SKB Colloidal Gold, Diagnostic Kit, Antibody, 50 Tests",,1,7002,5057,23,23,315.65
"HIV 1/2, SKB Colloidal Gold, Diagnostic Kit, Antibody, 50 Tests","HIV 1/2, SKB Colloidal Gold, Diagnostic Kit, Antibody, 50 Tests",,1,7002,5057,23,23,257.67
"HIV, Lancet, Safety, for HIV Test kits, 100 Pcs","HIV, Lancet, Safety, for HIV Test kits, 100 Pcs",,100,7690,2278,0.01,0,0.15
"Lamivudine/Zidovudine 150/300mg, tablets, 60 Tabs","Lamivudine/Zidovudine 150/300mg, tablets, 60 Tabs",150/300mg,60,18560,1698,9.1,0.15,331.04
"HIV 1/2, Uni-Gold HIV Kit, 20 Tests","HIV 1/2, Uni-Gold HIV Kit, 20 Tests",,20,650,220,32,1.6,33.28
"Didanosine 25mg [Videx], chewable tablets, 60 Tabs","Didanosine 25mg [Videx], chewable tablets, 60 Tabs",25mg,60,545,Weight Captured Separately,7,0.12,7.48
"Efavirenz 50mg [Stocrin/Sustiva], capsule, 30 Caps","Efavirenz 50mg [Stocrin/Sustiva], capsule, 30 Caps",50mg,30,200,Weight Captured Separately,2.96,0.1,1.16
"HIV 1/2, Uni-Gold HIV Kit, 20 Tests","HIV 1/2, Uni-Gold HIV Kit, 20 Tests",,20,1678,554,32,1.6,105.24
"Capillary Tubes, for Determine, EDTA, 50uL,100 Pcs","Capillary Tubes, for Determine, EDTA, 50uL,100 Pcs",,100,10000,400,8,0.08,156.8
"Efavirenz/Emtricitabine/Tenofovir Disoproxil Fumarate 600/200/300mg [Atripla], tablets, 30 Tabs","Efavirenz/Emtricitabine/Tenofovir Disoproxil Fumarate 600/200/300mg [Atripla], tablets, 30 Tabs",600/200/300mg,30,24963,2462,50.4,1.68,2465.94
"HIV 1/2, Determine Complete HIV Kit, 100 Tests","HIV 1/2, Determine Complete HIV Kit, 100 Tests",,100,351,60,72,0.72,49.53
"Nevirapine 200mg, tablets, 60 Tabs","Nevirapine 200mg, tablets, 60 Tabs",200mg,60,5200,See ASN-3562 (ID#:960),2.9,0.05,29.56
"HIV 1/2, Bioline 3.0 Kit, Lancets, Capillary pipets, Alcohol swabs included, 25 Tests","HIV 1/2, Bioline 3.0 Kit, Lancets, Capillary pipets, Alcohol swabs included, 25 Tests",,25,300,94,20,0.8,11.76
"HIV 1/2, ImmunoComb TriSpot Ag - Ab Kit, 36 Tests","HIV 1/2, ImmunoComb TriSpot Ag - Ab Kit, 36 Tests",,36,80,33,85,2.36,13.33
"Lopinavir/Ritonavir 200/50mg [Aluvia], tablets, 120 Tabs","Lopinavir/Ritonavir 200/50mg [Aluvia], tablets, 120 Tabs",200/50mg,120,10680,2724,41.1,0.34,860.34
"Efavirenz 600mg, tablets, 30 Tabs","Efavirenz 600mg, tablets, 30 Tabs",600mg,30,7000,Weight Captured Separately,16.15,0.54,221.58
"Nevirapine 200mg, tablets, 60 Tabs","Nevirapine 200mg, tablets, 60 Tabs",200mg,60,983,Weight Captured Separately,4.96,0.08,9.56
"Stavudine 30mg, capsules, 60 Caps","Stavudine 30mg, capsules, 60 Caps",30mg,60,1325,Weight Captured Separately,2.52,0.04,6.54
"Nevirapine 200mg [Viramune], tablets, 60 Tabs","Nevirapine 200mg [Viramune], tablets, 60 Tabs",200mg,60,2880,Weight Captured Separately,15.56,0.26,87.83
"Zidovudine 300mg, tablets, 60 Tabs","Zidovudine 300mg, tablets, 60 Tabs",300mg,60,6800,Weight Captured Separately,12.15,0.2,161.94
"Efavirenz 600mg, tablets, 30 Tabs","Efavirenz 600mg, tablets, 30 Tabs",600mg,30,3414,Weight Captured Separately,14.59,0.49,97.63
"Zidovudine 300mg [Retrovir], tablets, 60 Tabs","Zidovudine 300mg [Retrovir], tablets, 60 Tabs",300mg,60,5000,Weight Captured Separately,12.55,0.21,122.99
"Efavirenz 600mg, tablets, 30 Tabs","Efavirenz 600mg, tablets, 30 Tabs",600mg,30,6215,Weight Captured Separately,16.51,0.55,201.11
"Efavirenz 50mg [Stocrin/Sustiva], capsule, 30 Caps","Efavirenz 50mg [Stocrin/Sustiva], capsule, 30 Caps",50mg,30,3000,Weight Captured Separately,2.49,0.08,14.64
"Efavirenz 50mg, capsule, 30 Caps","Efavirenz 50mg, capsule, 30 Caps",50mg,30,500,Weight Captured Separately,3.06,0.1,3
"Efavirenz 600mg, tablets, 30 Tabs","Efavirenz 600mg, tablets, 30 Tabs",600mg,30,1200,Weight Captured Separately,12.11,0.4,28.48
"Tenofovir Disoproxil Fumarate 300mg [Viread], tablets, 30 Tabs","Tenofovir Disoproxil Fumarate 300mg [Viread], tablets, 30 Tabs",300mg,30,500,Weight Captured Separately,17.64,0.59,17.29
"Emtricitabine/Tenofovir Disoproxil Fumarate 200/300mg [Truvada], tablets, 30 Tabs","Emtricitabine/Tenofovir Disoproxil Fumarate 200/300mg [Truvada], tablets, 30 Tabs",300/200mg,30,80,Weight Captured Separately,29.2,0.97,4.58
"Ritonavir 80mg/ml [Norvir], oral solution, cool, Bottle, 90 ml","Ritonavir 80mg/ml [Norvir], oral solution, cool, Bottle, 90 ml",80mg/ml,90,1,Weight Captured Separately,5.97,0.07,0.01
"Zidovudine 300mg [Retrovir], tablets, 60 Tabs","Zidovudine 300mg [Retrovir], tablets, 60 Tabs",300mg,60,500,Weight Captured Separately,13.11,0.22,12.85
"Stavudine 20mg [Zerit], capsules, 60 Caps","Stavudine 20mg [Zerit], capsules, 60 Caps",20mg,60,300,Weight Captured Separately,3.93,0.07,2.31
"Efavirenz 50mg [Stocrin/Sustiva], capsule, 30 Caps","Efavirenz 50mg [Stocrin/Sustiva], capsule, 30 Caps",50mg,30,80,Weight Captured Separately,2.36,0.08,0.37
"Saquinavir 200mg [Invirase], capsules, 270 Caps","Saquinavir 200mg [Invirase], capsules, 270 Caps",200mg,270,28,Weight Captured Separately,56.39,0.21,3.09
"Efavirenz 200mg [Stocrin/Sustiva], capsule, 90 Caps","Efavirenz 200mg [Stocrin/Sustiva], capsule, 90 Caps",200mg,90,30,Weight Captured Separately,27.65,0.31,1.63
"Lamivudine 10mg/ml, oral solution, Bottle, 240 ml","Lamivudine 10mg/ml, oral solution, Bottle, 240 ml",10mg/ml,240,108,Weight Captured Separately,5.65,0.02,1.2
"Lamivudine 150mg, tablets, 60 Tabs","Lamivudine 150mg, tablets, 60 Tabs",150mg,60,9620,Weight Captured Separately,7.08,0.12,133.49
"HIV 1/2, OraQuick Advance HIV Rapid Antibody Kit, 100 Tests","HIV 1/2, OraQuick Advance HIV Rapid Antibody Kit, 100 Tests",,100,20,48,350,3.5,13.72
"Tenofovir Disoproxil Fumarate 300mg [Viread], tablets, 30 Tabs","Tenofovir Disoproxil Fumarate 300mg [Viread], tablets, 30 Tabs",300mg,30,250,Weight Captured Separately,21.26,0.71,10.42
"Efavirenz 200mg [Stocrin/Sustiva], capsule, 90 Caps","Efavirenz 200mg [Stocrin/Sustiva], capsule, 90 Caps",200mg,90,100,Weight Captured Separately,32.2,0.36,6.31
"Lopinavir/Ritonavir 200/50mg [Aluvia], tablets, 120 Tabs","Lopinavir/Ritonavir 200/50mg [Aluvia], tablets, 120 Tabs",200/50mg,120,400,Weight Captured Separately,36,0.3,28.22
"Efavirenz 600mg, tablets, 30 Tabs","Efavirenz 600mg, tablets, 30 Tabs",600mg,30,28034,2268,6.98,0.23,383.53
"Artemether/Lumefantrine 20/120mg [Coartem], scored tablets, Blister 30 x 18 Tabs","Artemether/Lumefantrine 20/120mg [Coartem], scored tablets, Blister 30 x 18 Tabs",20/120mg,540,2000,1250,35.21,0.07,138.02
"#108853** HIV, Genie II HIV-1/HIV-2 Kit, 40 Tests","#108853** HIV, Genie II HIV-1/HIV-2 Kit, 40 Tests",,40,476,534,110,2.75,102.63
"#108853** HIV, Genie II HIV-1/HIV-2 Kit, 40 Tests","#108853** HIV, Genie II HIV-1/HIV-2 Kit, 40 Tests",,40,18,20,110,2.75,3.88
"HIV 1/2, Uni-Gold HIV Kit, 20 Tests","HIV 1/2, Uni-Gold HIV Kit, 20 Tests",,20,6760,2261,32,1.6,423.99
"Saquinavir 200mg [Invirase], capsules, 270 Caps","Saquinavir 200mg [Invirase], capsules, 270 Caps",200mg,270,820,424,89.11,0.33,143.23
"Abacavir 300mg [Ziagen], tablets, Blister 6 x 10 Tabs","Abacavir 300mg [Ziagen], tablets, Blister 6 x 10 Tabs",300mg,60,30,Weight Captured Separately,36.06,0.6,2.12
"Lopinavir/Ritonavir 200/50mg [Aluvia], tablets, 120 Tabs","Lopinavir/Ritonavir 200/50mg [Aluvia], tablets, 120 Tabs",200/50mg,120,200,Weight Captured Separately,41.98,0.35,16.46
"HIV 1/2, Clearview Complete Kit, 25 Tests","HIV 1/2, Clearview Complete Kit, 25 Tests",,25,4,4,75,3,0.59
"Lopinavir/Ritonavir 80/20mg/ml [Kaletra], oral solution, cool, Bottle 5 x 60 ml","Lopinavir/Ritonavir 80/20mg/ml [Kaletra], oral solution, cool, Bottle 5 x 60 ml",80/20mg/ml,300,20,Weight Captured Separately,41.1,0.14,1.61
"HIV 1/2, Bioline 3.0 Kit, (no accessories), 30 Tests","HIV 1/2, Bioline 3.0 Kit, (no accessories), 30 Tests",,30,31,11,23.7,0.79,
"HIV, Reveal G3 Rapid HIV-1 Antibody Test, 30 Tests","HIV, Reveal G3 Rapid HIV-1 Antibody Test, 30 Tests",,30,19,13,29,0.97,
"Lopinavir/Ritonavir 133.3/33.3mg [Kaletra], capsules, cool, 2 x 90 Caps","Lopinavir/Ritonavir 133.3/33.3mg [Kaletra], capsules, cool, 2 x 90 Caps",133.3/33.3mg,180,198,389,180.82,1,
"Nevirapine 10mg/ml, oral suspension, Bottle, 240 ml","Nevirapine 10mg/ml, oral suspension, Bottle, 240 ml",10mg/ml,240,416,See ASN-57 (ID#:23),6.2,0.03,
"Lamivudine 150mg, tablets, 60 Tabs","Lamivudine 150mg, tablets, 60 Tabs",150mg,60,16683,1498,3.95,0.07,
"Stavudine 30mg, capsules, 60 Caps","Stavudine 30mg, capsules, 60 Caps",30mg,60,9321,See ASN-61 (ID#:5260),3.15,0.05,
"Stavudine 15mg, capsules, 60 Caps","Stavudine 15mg, capsules, 60 Caps",15mg,60,602,37,2.35,0.04,
"Lamivudine 150mg, tablets, 60 Tabs","Lamivudine 150mg, tablets, 60 Tabs",150mg,60,6349,369,3.35,0.06,
"Nevirapine 200mg, tablets, 60 Tabs","Nevirapine 200mg, tablets, 60 Tabs",200mg,60,33333,See ASN-123 (ID#:2685),3.61,0.06,
"Lamivudine 150mg, tablets, 60 Tabs","Lamivudine 150mg, tablets, 60 Tabs",150mg,60,98400,4300,3.35,0.06,
"Didanosine 100mg, chewable/dispersible tablets, 60 Tabs","Didanosine 100mg, chewable/dispersible tablets, 60 Tabs",100mg,60,1700,356,10.5,0.18,
"Abacavir 300mg, tablets, 60 Tabs","Abacavir 300mg, tablets, 60 Tabs",300mg,60,700,See ASN-276 (ID#:2686),44.05,0.73,
"Efavirenz 600mg, tablets, 30 Tabs","Efavirenz 600mg, tablets, 30 Tabs",600mg,30,38300,See ASN-276 (ID#:2686),16.75,0.56,
"Lopinavir/Ritonavir 200/50mg [Aluvia], tablets, 120 Tabs","Lopinavir/Ritonavir 200/50mg [Aluvia], tablets, 120 Tabs",200/50mg,120,1320,304,180.82,1.51,
"HIV 1/2, Determine Complete HIV Kit, 100 Tests","HIV 1/2, Determine Complete HIV Kit, 100 Tests",,100,230,38681,80,0.8,
"HIV 1/2, Uni-Gold HIV Kit, 20 Tests","HIV 1/2, Uni-Gold HIV Kit, 20 Tests",,20,40,14,40,2,
"HIV 1/2, OraQuick Advance HIV Rapid Antibody Kit, 100 Tests","HIV 1/2, OraQuick Advance HIV Rapid Antibody Kit, 100 Tests",,100,8,Weight Captured Separately,400,4,
"Didanosine 50mg [Videx], chewable tablets, 60 Tabs","Didanosine 50mg [Videx], chewable tablets, 60 Tabs",50mg,60,54,Weight Captured Separately,9.5,0.16,
"HIV 1/2, Capillus HIV Kit, 100 Tests","HIV 1/2, Capillus HIV Kit, 100 Tests",,100,700,488,139,1.39,
"HIV 1/2, Uni-Gold HIV Kit, 20 Tests","HIV 1/2, Uni-Gold HIV Kit, 20 Tests",,20,1000,337,32,1.6,
"HIV 1/2, Uni-Gold HIV Kit, 20 Tests","HIV 1/2, Uni-Gold HIV Kit, 20 Tests",,20,1500,515,32,1.6,76.8
"HIV 1/2, Determine HIV Kit, without Lancets, 100 Tests","HIV 1/2, Determine HIV Kit, without Lancets, 100 Tests",,100,300,69,71.99,0.72,34.56
"Didanosine 50mg [Videx], chewable tablets, 60 Tabs","Didanosine 50mg [Videx], chewable tablets, 60 Tabs",50mg,60,1577,309,9.5,0.16,23.97
"HIV, Lancet, Safety, for HIV Test kits, 100 Pcs","HIV, Lancet, Safety, for HIV Test kits, 100 Pcs",,100,450,Weight Captured Separately,0.01,0,0.01
"HIV, Lancet, Safety, for HIV Test kits, 100 Pcs","HIV, Lancet, Safety, for HIV Test kits, 100 Pcs",,100,300,24,0.01,0,0
"HIV 1/2, Bioline 3.0 Kit, (no accessories), 30 Tests","HIV 1/2, Bioline 3.0 Kit, (no accessories), 30 Tests",,30,2000,750,23.5,0.78,75.2
"HIV 1/2/O, First Response HIV 1-2.0, v.3.0 Cards Kit, 30 Tests","HIV 1/2/O, First Response HIV 1-2.0, v.3.0 Cards Kit, 30 Tests",,30,1400,405,16.5,0.55,36.96
"Efavirenz 600mg [Stocrin/Sustiva], tablets, 30 Tabs","Efavirenz 600mg [Stocrin/Sustiva], tablets, 30 Tabs",600mg,30,600,Weight Captured Separately,21.66,0.72,20.79
"Ritonavir 80mg/ml [Norvir], oral solution, cool, Bottle, 90 ml","Ritonavir 80mg/ml [Norvir], oral solution, cool, Bottle, 90 ml",80mg/ml,90,3,Weight Captured Separately,9.65,0.11,0.05
"Lopinavir/Ritonavir 133.3/33.3mg [Kaletra], capsules, cool, 2 x 90 Caps","Lopinavir/Ritonavir 133.3/33.3mg [Kaletra], capsules, cool, 2 x 90 Caps",133.3/33.3mg,180,400,Weight Captured Separately,48.26,0.27,30.89
"Didanosine EC 250mg [Videx EC], delayed-release capsules, Blister 3 x 10 Caps","Didanosine EC 250mg [Videx EC], delayed-release capsules, Blister 3 x 10 Caps",250mg,30,100,Weight Captured Separately,22.08,0.74,3.53
"Lopinavir/Ritonavir 200/50mg [Aluvia], tablets, 120 Tabs","Lopinavir/Ritonavir 200/50mg [Aluvia], tablets, 120 Tabs",200/50mg,120,1000,249,82.2,0.68,131.52
"HIV 1/2, Determine HIV Kit, without Lancets, 100 Tests","HIV 1/2, Determine HIV Kit, without Lancets, 100 Tests",,100,1500,340,71.99,0.72,172.78
"Stavudine 15mg, capsules, 60 Caps","Stavudine 15mg, capsules, 60 Caps",15mg,60,600,See ASN-1230 (ID#:1530),1.5,0.02,1.44
"HIV 1/2, Capillus HIV Kit, 100 Tests","HIV 1/2, Capillus HIV Kit, 100 Tests",,100,2,1,139,1.39,0.44
"Stavudine 40mg [Zerit], capsules, 60 Caps","Stavudine 40mg [Zerit], capsules, 60 Caps",40mg,60,200,Weight Captured Separately,5.73,0.1,1.83
"HIV 1/2, Uni-Gold HIV Kit, 20 Tests","HIV 1/2, Uni-Gold HIV Kit, 20 Tests",,20,450,155,32,1.6,23.04
"HIV 1/2, Stat-Pak HIV, Kit, 20 Tests","HIV 1/2, Stat-Pak HIV, Kit, 20 Tests",,20,7301,2093,27,1.35,315.4
"HIV, Lancet, Safety, for HIV Test kits, 100 Pcs","HIV, Lancet, Safety, for HIV Test kits, 100 Pcs",,100,1436,Weight Captured Separately,0.01,0,0.02
"HIV 1/2, Determine HIV Kit, without Lancets, 100 Tests","HIV 1/2, Determine HIV Kit, without Lancets, 100 Tests",,100,1436,327,71.99,0.72,165.4
"HIV, Lancet, Safety, for HIV Test kits, 100 Pcs","HIV, Lancet, Safety, for HIV Test kits, 100 Pcs",,100,2000,Weight Captured Separately,0.01,0,0.03
"HIV 1/2, Bioline 3.0 Kit, Lancets, Capillary pipets, Alcohol swabs included, 25 Tests","HIV 1/2, Bioline 3.0 Kit, Lancets, Capillary pipets, Alcohol swabs included, 25 Tests",,25,659,206,20,0.8,25.83
"HIV 1/2, OraQuick Advance HIV Rapid Antibody Kit, 100 Tests","HIV 1/2, OraQuick Advance HIV Rapid Antibody Kit, 100 Tests",,100,7,17,350,3.5,3.92
"HIV 1/2, Determine HIV Kit, without Lancets, 100 Tests","HIV 1/2, Determine HIV Kit, without Lancets, 100 Tests",,100,200,46,71.99,0.72,23.04
"HIV, Lancet, Safety, for HIV Test kits, 100 Pcs","HIV, Lancet, Safety, for HIV Test kits, 100 Pcs",,100,285,Weight Captured Separately,0.01,0,0
"HIV, Lancet, Safety, for HIV Test kits, 100 Pcs","HIV, Lancet, Safety, for HIV Test kits, 100 Pcs",,100,850,56,0.01,0,0.01
"HIV 1/2, Stat-Pak HIV, Kit, 20 Tests","HIV 1/2, Stat-Pak HIV, Kit, 20 Tests",,20,1275,483,27,1.35,55.08
"HIV 1/2, Uni-Gold HIV Kit, 20 Tests","HIV 1/2, Uni-Gold HIV Kit, 20 Tests",,20,85,85,32,1.6,4.35
"#108853** HIV, Genie II HIV-1/HIV-2 Kit, 40 Tests","#108853** HIV, Genie II HIV-1/HIV-2 Kit, 40 Tests",,40,331,366,76,1.9,40.25
"Zidovudine 300mg [Retrovir], tablets, 60 Tabs","Zidovudine 300mg [Retrovir], tablets, 60 Tabs",300mg,60,1000,Weight Captured Separately,16.4,0.27,26.24
"Lamivudine 150mg [Epivir], tablets, 60 Tabs","Lamivudine 150mg [Epivir], tablets, 60 Tabs",150mg,60,3000,Weight Captured Separately,5.45,0.09,26.16
"Stavudine 20mg [Zerit], capsules, 60 Caps","Stavudine 20mg [Zerit], capsules, 60 Caps",20mg,60,200,Weight Captured Separately,4.89,0.08,1.56
"Emtricitabine/Tenofovir Disoproxil Fumarate 200/300mg [Truvada], tablets, 30 Tabs","Emtricitabine/Tenofovir Disoproxil Fumarate 200/300mg [Truvada], tablets, 30 Tabs",300/200mg,30,20,Weight Captured Separately,36.17,1.21,1.16
"Abacavir 300mg, tablets, 60 Tabs","Abacavir 300mg, tablets, 60 Tabs",300mg,60,500,124,25,0.42,20
"Tenofovir Disoproxil Fumarate 300mg, tablets, 30 Tabs","Tenofovir Disoproxil Fumarate 300mg, tablets, 30 Tabs",300mg,30,2016,122,13.66,0.46,44.06
"HIV 1/2, Determine HIV Kit, without Lancets, 100 Tests","HIV 1/2, Determine HIV Kit, without Lancets, 100 Tests",,100,250,57,71.99,0.72,28.8
"Nevirapine 200mg [Viramune], tablets, 60 Tabs","Nevirapine 200mg [Viramune], tablets, 60 Tabs",200mg,60,100,Weight Captured Separately,20.3,0.34,3.25
"HIV, Lancet, Safety, for HIV Test kits, 100 Pcs","HIV, Lancet, Safety, for HIV Test kits, 100 Pcs",,100,100,Weight Captured Separately,0.01,0,0
"Lamivudine/Zidovudine 150/300mg, tablets, 60 Tabs","Lamivudine/Zidovudine 150/300mg, tablets, 60 Tabs",150/300mg,60,3024,703,9.25,0.15,44.76
"Lopinavir/Ritonavir 200/50mg [Aluvia], tablets, 120 Tabs","Lopinavir/Ritonavir 200/50mg [Aluvia], tablets, 120 Tabs",200/50mg,120,1040,251,82.2,0.68,136.78
"Lamivudine 150mg, tablets, 60 Tabs","Lamivudine 150mg, tablets, 60 Tabs",150mg,60,9576,889,2.6,0.04,39.84
"Abacavir 300mg [Ziagen], tablets, Blister 6 x 10 Tabs","Abacavir 300mg [Ziagen], tablets, Blister 6 x 10 Tabs",300mg,60,8,Weight Captured Separately,49.74,0.83,0.64
"Didanosine 100mg [Videx],chewable tablets, 60 Tabs","Didanosine 100mg [Videx],chewable tablets, 60 Tabs",100mg,60,4,Weight Captured Separately,14.04,0.23,0.09
"Tenofovir Disoproxil Fumarate 300mg [Viread], tablets, 30 Tabs","Tenofovir Disoproxil Fumarate 300mg [Viread], tablets, 30 Tabs",300mg,30,30,Weight Captured Separately,24.61,0.82,1.18
"Didanosine 2g [Videx], powder for oral solution 10mg/ml, reconstitute to 200 ml","Didanosine 2g [Videx], powder for oral solution 10mg/ml, reconstitute to 200 ml",2g,200,6,Weight Captured Separately,13.08,0.07,0.13
"HIV 1/2, Capillus HIV Kit, 100 Tests","HIV 1/2, Capillus HIV Kit, 100 Tests",,100,121,100,139,1.39,26.91
"HIV 1/2, Capillus HIV Kit, 100 Tests","HIV 1/2, Capillus HIV Kit, 100 Tests",,100,84,54,139,1.39,18.68
"HIV 1/2, OraQuick Advance HIV Rapid Antibody Kit, 100 Tests","HIV 1/2, OraQuick Advance HIV Rapid Antibody Kit, 100 Tests",,100,28,Weight Captured Separately,350,3.5,19.21
"HIV 1/2, Determine HIV Kit, without Lancets, 100 Tests","HIV 1/2, Determine HIV Kit, without Lancets, 100 Tests",,100,4327,986,70,0.7,484.62
"HIV 1/2, Determine HIV Kit, without Lancets, 100 Tests","HIV 1/2, Determine HIV Kit, without Lancets, 100 Tests",,100,1396,414,71.99,0.72,196.98
"Lamivudine 150mg, tablets, 60 Tabs","Lamivudine 150mg, tablets, 60 Tabs",150mg,60,15960,755,2.4,0.04,61.29
"Tenofovir Disoproxil Fumarate 300mg, tablets, 30 Tabs","Tenofovir Disoproxil Fumarate 300mg, tablets, 30 Tabs",300mg,30,5040,301,12.36,0.41,99.67
"Abacavir 20mg/ml [Ziagen], oral solution, Bottle, 240 ml","Abacavir 20mg/ml [Ziagen], oral solution, Bottle, 240 ml",20mg/ml,240,132,65,15.08,0.06,3.18
"Emtricitabine/Tenofovir Disoproxil Fumarate 200/300mg [Truvada], tablets, 30 Tabs","Emtricitabine/Tenofovir Disoproxil Fumarate 200/300mg [Truvada], tablets, 30 Tabs",300/200mg,30,30,Weight Captured Separately,39.05,1.3,1.87
"Sulfadoxine/Pyrimethamine 500/25mg, tablets, 1000 Tabs","Sulfadoxine/Pyrimethamine 500/25mg, tablets, 1000 Tabs",500/25mg,1000,7,488,26.35,0.03,0.3
"HIV 1/2, Stat-Pak HIV, Kit, 20 Tests","HIV 1/2, Stat-Pak HIV, Kit, 20 Tests",,20,8485,2441,27,1.35,449.03
"Lopinavir/Ritonavir 200/50mg [Aluvia], tablets, 120 Tabs","Lopinavir/Ritonavir 200/50mg [Aluvia], tablets, 120 Tabs",200/50mg,120,6,9,82.2,0.68,0.97
"Abacavir 300mg, tablets, 60 Tabs","Abacavir 300mg, tablets, 60 Tabs",300mg,60,880,331,23.5,0.39,40.53
"Didanosine 25mg [Videx], chewable tablets, 60 Tabs","Didanosine 25mg [Videx], chewable tablets, 60 Tabs",25mg,60,280,60,7,0.12,3.84
"HIV 1/2, SKB Colloidal Gold, Diagnostic Kit, Antibody, 50 Tests","HIV 1/2, SKB Colloidal Gold, Diagnostic Kit, Antibody, 50 Tests",,1,6998,5057,23,23,257.53
"Stavudine 30mg [Zerit], capsules, 60 Caps","Stavudine 30mg [Zerit], capsules, 60 Caps",30mg,60,350,Weight Captured Separately,4.96,0.08,2.78
"Didanosine EC 250mg [Videx EC], delayed-release capsules, Blister 3 x 10 Caps","Didanosine EC 250mg [Videx EC], delayed-release capsules, Blister 3 x 10 Caps",250mg,30,100,Weight Captured Separately,18.28,0.61,2.92
"HIV 1/2, Determine HIV Kit, without Lancets, 100 Tests","HIV 1/2, Determine HIV Kit, without Lancets, 100 Tests",,100,1174,275,70,0.7,131.49
"Chloroquine 150mg base (as phosphate), [DON] tablets, 1000 Tabs","Chloroquine 150mg base (as phosphate), [DON] tablets, 1000 Tabs",150mg,1000,30,3221,6.57,0.01,0.39
"HIV 1/2, Determine HIV Kit, without Lancets, 100 Tests","HIV 1/2, Determine HIV Kit, without Lancets, 100 Tests",,100,1174,268,70,0.7,161.07
"HIV, Lancet, Safety, for HIV Test kits, 100 Pcs","HIV, Lancet, Safety, for HIV Test kits, 100 Pcs",,100,150,See ASN-2717 (ID#:791),0.01,0,0
"Lamivudine 150mg, tablets, 60 Tabs","Lamivudine 150mg, tablets, 60 Tabs",150mg,60,6966,1068,2.4,0.04,32.77
"Nevirapine 200mg, tablets, 60 Tabs","Nevirapine 200mg, tablets, 60 Tabs",200mg,60,4200,See ASN-3313 (ID#:3456),2.9,0.05,23.87
"HIV 1/2, Uni-Gold HIV Kit, 20 Tests","HIV 1/2, Uni-Gold HIV Kit, 20 Tests",,20,4916,1651,32,1.6,308.33
"HIV 1/2, Uni-Gold HIV Kit, 20 Tests","HIV 1/2, Uni-Gold HIV Kit, 20 Tests",,20,2500,844,32,1.6,156.8
"HIV 1/2, Stat-Pak HIV, Kit, 20 Tests","HIV 1/2, Stat-Pak HIV, Kit, 20 Tests",,20,8964,3231,27,1.35,474.37
"HIV 1/2, SKB Colloidal Gold, Diagnostic Kit, Antibody, 50 Tests","HIV 1/2, SKB Colloidal Gold, Diagnostic Kit, Antibody, 50 Tests",,1,3510,2535,23,23,158.23
"Nevirapine 200mg, tablets, 60 Tabs","Nevirapine 200mg, tablets, 60 Tabs",200mg,60,120,Weight Captured Separately,19.63,0.33,4.62
"Malaria Paramax-3 Kit, 25 Tests","Malaria Paramax-3 Kit, 25 Tests",,25,108,Weight Captured Separately,37.5,1.5,7.94
"Quinine 300mg (as sulfate), tablets, Blister 100 x 10 Tabs","Quinine 300mg (as sulfate), tablets, Blister 100 x 10 Tabs",300mg,1000,12,12,52.49,0.05,1.23
"HIV 1/2, Uni-Gold HIV Kit, 20 Tests","HIV 1/2, Uni-Gold HIV Kit, 20 Tests",,20,700,236,32,1.6,43.9
"Stavudine 30mg, capsules, 60 Caps","Stavudine 30mg, capsules, 60 Caps",30mg,60,9576,See ASN-3561 (ID#:2297),1.45,0.02,27.21
"HIV 1/2, Determine Complete HIV Kit, 100 Tests","HIV 1/2, Determine Complete HIV Kit, 100 Tests",,100,1132,337,72,0.72,159.75
"HIV 1/2/O, First Response HIV 1-2.0, v.3.0 Cards Kit, 30 Tests","HIV 1/2/O, First Response HIV 1-2.0, v.3.0 Cards Kit, 30 Tests",,30,3912,1320,22.5,0.75,172.52
"Lopinavir/Ritonavir 200/50mg [Aluvia], tablets, 120 Tabs","Lopinavir/Ritonavir 200/50mg [Aluvia], tablets, 120 Tabs",200/50mg,120,10,9,41.1,0.34,0.81
"Didanosine 100mg [Videx],chewable tablets, 60 Tabs","Didanosine 100mg [Videx],chewable tablets, 60 Tabs",100mg,60,260,56,12.75,0.21,6.5
"Lamivudine 150mg, tablets, 60 Tabs","Lamivudine 150mg, tablets, 60 Tabs",150mg,60,5000,Weight Captured Separately,5.49,0.09,53.8
"Stavudine 1mg/ml [Zerit], powder for oral solution, Bottle, 200 ml","Stavudine 1mg/ml [Zerit], powder for oral solution, Bottle, 200 ml",1mg/ml,200,1320,Weight Captured Separately,1.14,0.01,2.95
"Stavudine 1mg/ml, powder for oral solution, 200 ml","Stavudine 1mg/ml, powder for oral solution, 200 ml",1mg/ml,200,500,Weight Captured Separately,2,0.01,1.96
"Stavudine 30mg [Zerit], capsules, 60 Caps","Stavudine 30mg [Zerit], capsules, 60 Caps",30mg,60,10260,Weight Captured Separately,3.82,0.06,76.82
"Stavudine 30mg, capsules, 60 Caps","Stavudine 30mg, capsules, 60 Caps",30mg,60,20213,Weight Captured Separately,2.51,0.04,99.44
"Stavudine 30mg [Zerit], capsules, 60 Caps","Stavudine 30mg [Zerit], capsules, 60 Caps",30mg,60,1140,Weight Captured Separately,3.76,0.06,8.4
"Zidovudine 10mg/ml, oral solution, Bottle, 240 ml","Zidovudine 10mg/ml, oral solution, Bottle, 240 ml",10mg/ml,240,23,See ASN-3635 (ID#:3745),3.64,0.02,0.16
"Stavudine 1mg/ml [Zerit], powder for oral solution, Bottle, 200 ml","Stavudine 1mg/ml [Zerit], powder for oral solution, Bottle, 200 ml",1mg/ml,200,400,Weight Captured Separately,1.1,0.01,0.86
"Lamivudine 10mg/ml [Epivir], oral solution, Bottle, 240 ml","Lamivudine 10mg/ml [Epivir], oral solution, Bottle, 240 ml",10mg/ml,240,156,See ASN-3760 (ID#:5049),5.42,0.02,1.66
"Lamivudine 10mg/ml [Epivir], oral solution, Bottle, 240 ml","Lamivudine 10mg/ml [Epivir], oral solution, Bottle, 240 ml",10mg/ml,240,44,Weight Captured Separately,5.4,0.02,0.47
"Efavirenz 600mg [Stocrin/Sustiva], tablets, 30 Tabs","Efavirenz 600mg [Stocrin/Sustiva], tablets, 30 Tabs",600mg,30,1600,Weight Captured Separately,16.64,0.55,52.18
"Zidovudine 300mg [Retrovir], tablets, 60 Tabs","Zidovudine 300mg [Retrovir], tablets, 60 Tabs",300mg,60,800,Weight Captured Separately,12.32,0.21,19.32
"Lamivudine 10mg/ml, oral solution, Bottle, 240 ml","Lamivudine 10mg/ml, oral solution, Bottle, 240 ml",10mg/ml,240,3304,Weight Captured Separately,5.65,0.02,40.25
"Zidovudine 10mg/ml, oral solution, Bottle, 240 ml","Zidovudine 10mg/ml, oral solution, Bottle, 240 ml",10mg/ml,240,1200,Weight Captured Separately,6.04,0.03,14.21
"Stavudine 30mg, capsules, 60 Caps","Stavudine 30mg, capsules, 60 Caps",30mg,60,2775,Weight Captured Separately,3,0.05,16.32
"Nevirapine 10mg/ml, oral suspension, Bottle, 240 ml","Nevirapine 10mg/ml, oral suspension, Bottle, 240 ml",10mg/ml,240,150,Weight Captured Separately,9.38,0.04,2.76
"Efavirenz 600mg, tablets, 30 Tabs","Efavirenz 600mg, tablets, 30 Tabs",600mg,30,6500,Weight Captured Separately,12.62,0.42,160.78
"Lopinavir/Ritonavir 80/20mg/ml [Kaletra], oral solution, cool, Bottle 5 x 60 ml","Lopinavir/Ritonavir 80/20mg/ml [Kaletra], oral solution, cool, Bottle 5 x 60 ml",80/20mg/ml,300,50,99,41.1,0.14,4.03
"Tenofovir Disoproxil Fumarate 300mg [Viread], tablets, 30 Tabs","Tenofovir Disoproxil Fumarate 300mg [Viread], tablets, 30 Tabs",300mg,30,650,Weight Captured Separately,21.26,0.71,27.09
"Efavirenz 600mg, tablets, 30 Tabs","Efavirenz 600mg, tablets, 30 Tabs",600mg,30,2000,Weight Captured Separately,12.52,0.42,49.08
"Lamivudine 150mg, tablets, 60 Tabs","Lamivudine 150mg, tablets, 60 Tabs",150mg,60,2000,See ASN-4332 (ID#:1115),7.08,0.12,27.75
"Stavudine 1mg/ml, powder for oral solution, 200 ml","Stavudine 1mg/ml, powder for oral solution, 200 ml",1mg/ml,200,400,See ASN-4332 (ID#:1115),2.08,0.01,1.63
"Nevirapine 10mg/ml, oral suspension, Bottle, 240 ml","Nevirapine 10mg/ml, oral suspension, Bottle, 240 ml",10mg/ml,240,80,See ASN-4332 (ID#:1115),9.38,0.04,1.47
"Stavudine 20mg [Zerit], capsules, 60 Caps","Stavudine 20mg [Zerit], capsules, 60 Caps",20mg,60,24,Weight Captured Separately,3.95,0.07,0.19
"HIV 1/2, Determine HIV Kit, without Lancets, 100 Tests","HIV 1/2, Determine HIV Kit, without Lancets, 100 Tests",,100,800,182,70,0.7,109.76
"HIV 1/2, Uni-Gold HIV Kit, 20 Tests","HIV 1/2, Uni-Gold HIV Kit, 20 Tests",,20,7000,2379,32,1.6,439.04
"Artemether/Lumefantrine 20/120mg [Coartem], scored tablets, Blister 30 x 18 Tabs","Artemether/Lumefantrine 20/120mg [Coartem], scored tablets, Blister 30 x 18 Tabs",20/120mg,540,2000,10,35.21,0.07,138.02
"Stavudine 30mg, capsules, 60 Caps","Stavudine 30mg, capsules, 60 Caps",30mg,60,6048,See ASN-4420 (ID#:1183),1.45,0.02,17.19
"HIV 1/2, Determine HIV Kit, without Lancets, 100 Tests","HIV 1/2, Determine HIV Kit, without Lancets, 100 Tests",,100,1200,274,70,0.7,164.64
"HIV 1/2, Clearview Complete Kit, 25 Tests","HIV 1/2, Clearview Complete Kit, 25 Tests",,25,7,5,75,3,1.03
"Didanosine 25mg [Videx], chewable tablets, 60 Tabs","Didanosine 25mg [Videx], chewable tablets, 60 Tabs",25mg,60,120,Weight Captured Separately,7,0.12,1.65
"Didanosine 25mg [Videx], chewable tablets, 60 Tabs","Didanosine 25mg [Videx], chewable tablets, 60 Tabs",25mg,60,320,See ASN-4488 (ID#:1213),7,0.12,4.39
"Lopinavir/Ritonavir 80/20mg/ml [Kaletra], oral solution, cool, Bottle 5 x 60 ml","Lopinavir/Ritonavir 80/20mg/ml [Kaletra], oral solution, cool, Bottle 5 x 60 ml",80/20mg/ml,300,50,Weight Captured Separately,41.98,0.14,4.11
"Efavirenz 200mg, capsule, 90 Caps","Efavirenz 200mg, capsule, 90 Caps",200mg,90,140,Weight Captured Separately,25.29,0.28,6.94
"HIV 1/2, Determine Complete HIV Kit, 100 Tests","HIV 1/2, Determine Complete HIV Kit, 100 Tests",,100,500,171,80,0.8,
"HIV 1/2, Capillus HIV Kit, 100 Tests","HIV 1/2, Capillus HIV Kit, 100 Tests",,100,12,Weight Captured Separately,270,2.7,
"Lamivudine 150mg, tablets, 60 Tabs","Lamivudine 150mg, tablets, 60 Tabs",150mg,60,2080,87,3.99,0.07,
"Efavirenz 600mg, tablets, 30 Tabs","Efavirenz 600mg, tablets, 30 Tabs",600mg,30,19000,1520,17,0.57,
"HIV 1/2, Determine Complete HIV Kit, 100 Tests","HIV 1/2, Determine Complete HIV Kit, 100 Tests",,100,600,205503,80,0.8,
"Stavudine 30mg, capsules, 60 Caps","Stavudine 30mg, capsules, 60 Caps",30mg,60,6349,See ASN-127 (ID#:3955),1.95,0.03,
"Nevirapine 200mg, tablets, 60 Tabs","Nevirapine 200mg, tablets, 60 Tabs",200mg,60,6349,355,3.4,0.06,
"Lopinavir/Ritonavir 80/20mg/ml [Kaletra], oral solution, cool, Bottle 5 x 60 ml","Lopinavir/Ritonavir 80/20mg/ml [Kaletra], oral solution, cool, Bottle 5 x 60 ml",80/20mg/ml,300,70,57,41.1,0.14,
"Emtricitabine/Tenofovir Disoproxil Fumarate 200/300mg [Truvada], tablets, 30 Tabs","Emtricitabine/Tenofovir Disoproxil Fumarate 200/300mg [Truvada], tablets, 30 Tabs",300/200mg,30,14851,1244,26.25,0.88,
"Tenofovir Disoproxil Fumarate 300mg [Viread], tablets, 30 Tabs","Tenofovir Disoproxil Fumarate 300mg [Viread], tablets, 30 Tabs",300mg,30,1900,116,17,0.57,
"Stavudine 1mg/ml, powder for oral solution, 200 ml","Stavudine 1mg/ml, powder for oral solution, 200 ml",1mg/ml,200,1000,See ASN-276 (ID#:2686),1.45,0.01,
"Nevirapine 200mg, tablets, 60 Tabs","Nevirapine 200mg, tablets, 60 Tabs",200mg,60,83000,See ASN-273 (ID#:1283),3.4,0.06,
"Lopinavir/Ritonavir 80/20mg/ml [Kaletra], oral solution, cool, Bottle 5 x 60 ml","Lopinavir/Ritonavir 80/20mg/ml [Kaletra], oral solution, cool, Bottle 5 x 60 ml",80/20mg/ml,300,70,58,41.1,0.14,
"HIV 1/2, Capillus HIV Kit, 100 Tests","HIV 1/2, Capillus HIV Kit, 100 Tests",,100,60,39,175,1.75,
"Didanosine EC 250mg [Videx EC], delayed-release capsules, Blister 3 x 10 Caps","Didanosine EC 250mg [Videx EC], delayed-release capsules, Blister 3 x 10 Caps",250mg,30,44,Weight Captured Separately,19.54,0.65,1.38
"#102198**Didanosine 200mg [Videx], tablets, 60 Tabs","#102198**Didanosine 200mg [Videx], tablets, 60 Tabs",200mg,60,5721,1232,25.5,0.42,233.42
"Zidovudine 300mg, tablets, 60 Tabs","Zidovudine 300mg, tablets, 60 Tabs",300mg,60,100,6,8.94,0.15,1.43
"Lopinavir/Ritonavir 200/50mg [Aluvia], tablets, 120 Tabs","Lopinavir/Ritonavir 200/50mg [Aluvia], tablets, 120 Tabs",200/50mg,120,1000,226,82.19,0.68,131.5
"HIV 1/2, Stat-Pak HIV, Kit, 20 Tests","HIV 1/2, Stat-Pak HIV, Kit, 20 Tests",,20,50,13,27,1.35,2.16
"Didanosine 50mg [Videx], chewable tablets, 60 Tabs","Didanosine 50mg [Videx], chewable tablets, 60 Tabs",50mg,60,182,40,9.5,0.16,2.77
"Didanosine 100mg, chewable/dispersible tablets, 60 Tabs","Didanosine 100mg, chewable/dispersible tablets, 60 Tabs",100mg,60,1200,249,7.75,0.13,14.88
"HIV 1/2, Determine HIV Kit, without Lancets, 100 Tests","HIV 1/2, Determine HIV Kit, without Lancets, 100 Tests",,100,442,100,71.99,0.72,50.91
"HIV 1/2, Stat-Pak HIV, Kit, 20 Tests","HIV 1/2, Stat-Pak HIV, Kit, 20 Tests",,20,10000,3265,27,1.35,432
"HIV 1/2, Determine Complete HIV Kit, 100 Tests","HIV 1/2, Determine Complete HIV Kit, 100 Tests",,100,500,Weight Captured Separately,80,0.8,64
"Malaria Paramax-3 Kit, 25 Tests","Malaria Paramax-3 Kit, 25 Tests",,25,390,145,37.5,1.5,23.4
"Tenofovir Disoproxil Fumarate 300mg [Viread], tablets, 30 Tabs","Tenofovir Disoproxil Fumarate 300mg [Viread], tablets, 30 Tabs",300mg,30,84,See ASN-990 (ID#:1502),0.01,0,0
"Stavudine 20mg [Zerit], capsules, 60 Caps","Stavudine 20mg [Zerit], capsules, 60 Caps",20mg,60,30,Weight Captured Separately,5.99,0.1,0.29
"Nevirapine 200mg [Viramune], tablets, 60 Tabs","Nevirapine 200mg [Viramune], tablets, 60 Tabs",200mg,60,300,Weight Captured Separately,24.24,0.4,11.64
"Lamivudine/Nevirapine/Stavudine 150/200/30mg, tablets, 60 Tabs","Lamivudine/Nevirapine/Stavudine 150/200/30mg, tablets, 60 Tabs",150/200/30mg,60,34576,3656,7,0.12,387.25
"Lamivudine/Nevirapine/Stavudine 150/200/30mg, tablets, 60 Tabs","Lamivudine/Nevirapine/Stavudine 150/200/30mg, tablets, 60 Tabs",150/200/30mg,60,16640,1766,7,0.12,186.37
"HIV 1/2, OraQuick Advance HIV Rapid Antibody Kit, 100 Tests","HIV 1/2, OraQuick Advance HIV Rapid Antibody Kit, 100 Tests",,100,25,60,350,3.5,14
"HIV 1/2, Capillus HIV Kit, 100 Tests","HIV 1/2, Capillus HIV Kit, 100 Tests",,100,8,6,139,1.39,1.78
"Tenofovir Disoproxil Fumarate 300mg [Viread], tablets, 30 Tabs","Tenofovir Disoproxil Fumarate 300mg [Viread], tablets, 30 Tabs",300mg,30,14820,1233,17,0.57,403.1
"Ritonavir 80mg/ml [Norvir], oral solution, cool, Bottle, 90 ml","Ritonavir 80mg/ml [Norvir], oral solution, cool, Bottle, 90 ml",80mg/ml,90,3,Weight Captured Separately,9.23,0.1,0.04
"Lopinavir/Ritonavir 80/20mg/ml [Kaletra], oral solution, cool, Bottle 5 x 60 ml","Lopinavir/Ritonavir 80/20mg/ml [Kaletra], oral solution, cool, Bottle 5 x 60 ml",80/20mg/ml,300,30,Weight Captured Separately,46.15,0.15,2.22
"Lamivudine 150mg [Epivir], tablets, 60 Tabs","Lamivudine 150mg [Epivir], tablets, 60 Tabs",150mg,60,2500,Weight Captured Separately,5.81,0.1,23.24
"Abacavir 20mg/ml [Ziagen], oral solution, Bottle, 240 ml","Abacavir 20mg/ml [Ziagen], oral solution, Bottle, 240 ml",20mg/ml,240,132,Weight Captured Separately,25,0.1,5.28
"HIV 1/2, Stat-Pak HIV, Kit, 20 Tests","HIV 1/2, Stat-Pak HIV, Kit, 20 Tests",,20,9380,3058,27,1.35,405.22
"HIV 1/2, Stat-Pak HIV, Kit, 20 Tests","HIV 1/2, Stat-Pak HIV, Kit, 20 Tests",,20,8153,2707,27,1.35,352.21
"HIV 1/2, Determine HIV Kit, without Lancets, 100 Tests","HIV 1/2, Determine HIV Kit, without Lancets, 100 Tests",,100,4200,965,71.99,0.72,483.77
"HIV 1/2, OraQuick Advance HIV Rapid Antibody Kit, 100 Tests","HIV 1/2, OraQuick Advance HIV Rapid Antibody Kit, 100 Tests",,100,7,Weight Captured Separately,350,3.5,3.92
"HIV 1/2, Determine HIV Kit, without Lancets, 100 Tests","HIV 1/2, Determine HIV Kit, without Lancets, 100 Tests",,100,285,64,79.99,0.8,36.48
"HIV 1/2, Clearview Complete Kit, 25 Tests","HIV 1/2, Clearview Complete Kit, 25 Tests",,25,271,260,75,3,32.52
"Tenofovir Disoproxil Fumarate 300mg [Viread], tablets, 30 Tabs","Tenofovir Disoproxil Fumarate 300mg [Viread], tablets, 30 Tabs",300mg,30,1968,Weight Captured Separately,20.69,0.69,65.15
"Lopinavir/Ritonavir 80/20mg/ml [Kaletra], oral solution, cool, Bottle 5 x 60 ml","Lopinavir/Ritonavir 80/20mg/ml [Kaletra], oral solution, cool, Bottle 5 x 60 ml",80/20mg/ml,300,10,Weight Captured Separately,39.4,0.13,0.63
"Zidovudine 10mg/ml [Retrovir], oral solution, Bottle, 200 ml","Zidovudine 10mg/ml [Retrovir], oral solution, Bottle, 200 ml",10mg/ml,200,100,Weight Captured Separately,6.76,0.03,1.08
"Didanosine 25mg [Videx], chewable tablets, 60 Tabs","Didanosine 25mg [Videx], chewable tablets, 60 Tabs",25mg,60,400,82,7,0.12,4.48
"Zidovudine 100mg, capsules, 100 Caps","Zidovudine 100mg, capsules, 100 Caps",100mg,100,630,48,5.49,0.05,5.53
"Didanosine 100mg [Videx],chewable tablets, 60 Tabs","Didanosine 100mg [Videx],chewable tablets, 60 Tabs",100mg,60,6,Weight Captured Separately,13.61,0.23,0.13
"Lopinavir/Ritonavir 133.3/33.3mg [Kaletra], capsules, cool, 2 x 90 Caps","Lopinavir/Ritonavir 133.3/33.3mg [Kaletra], capsules, cool, 2 x 90 Caps",133.3/33.3mg,180,400,Weight Captured Separately,35.88,0.2,22.96
"HIV 1/2, Uni-Gold HIV Kit, 20 Tests","HIV 1/2, Uni-Gold HIV Kit, 20 Tests",,20,500,500,32,1.6,25.6
"HIV 1/2, Uni-Gold HIV Kit, 20 Tests","HIV 1/2, Uni-Gold HIV Kit, 20 Tests",,20,500,500,32,1.6,25.6
"Tenofovir Disoproxil Fumarate 300mg, tablets, 30 Tabs","Tenofovir Disoproxil Fumarate 300mg, tablets, 30 Tabs",300mg,30,672,See ASN-2335 (ID#:5796),13.66,0.46,14.69
"Zidovudine 300mg, tablets, 60 Tabs","Zidovudine 300mg, tablets, 60 Tabs",300mg,60,648,See ASN-2336 (ID#:530),7.5,0.12,7.78
"Stavudine 30mg, capsules, 60 Caps","Stavudine 30mg, capsules, 60 Caps",30mg,60,9275,432,1.45,0.02,21.52
"Lopinavir/Ritonavir 80/20mg/ml [Kaletra], oral solution, cool, Bottle 5 x 60 ml","Lopinavir/Ritonavir 80/20mg/ml [Kaletra], oral solution, cool, Bottle 5 x 60 ml",80/20mg/ml,300,40,Weight Captured Separately,36.99,0.12,2.37
"Emtricitabine/Tenofovir Disoproxil Fumarate 200/300mg [Truvada], tablets, 30 Tabs","Emtricitabine/Tenofovir Disoproxil Fumarate 200/300mg [Truvada], tablets, 30 Tabs",300/200mg,30,150,Weight Captured Separately,38.25,1.27,9.18
"Efavirenz 600mg, tablets, 30 Tabs","Efavirenz 600mg, tablets, 30 Tabs",600mg,30,1500,Weight Captured Separately,15.86,0.53,38.06
"Lamivudine 10mg/ml [Epivir], oral solution, Bottle, 240 ml","Lamivudine 10mg/ml [Epivir], oral solution, Bottle, 240 ml",10mg/ml,240,470,Weight Captured Separately,6.26,0.03,4.71
"Zidovudine 10mg/ml [Retrovir], oral solution, Bottle, 200 ml","Zidovudine 10mg/ml [Retrovir], oral solution, Bottle, 200 ml",10mg/ml,200,140,Weight Captured Separately,6.86,0.03,1.54
"Sulfadoxine/Pyrimethamine 500/25mg, tablets, 1000 Tabs","Sulfadoxine/Pyrimethamine 500/25mg, tablets, 1000 Tabs",500/25mg,1000,20,1920,26.35,0.03,0.84
"HIV 1/2, Uni-Gold HIV Kit, 20 Tests","HIV 1/2, Uni-Gold HIV Kit, 20 Tests",,20,3400,1131,32,1.6,174.08
"HIV 1/2/O, First Response HIV 1-2.0, v.3.0 Cards Kit, 30 Tests","HIV 1/2/O, First Response HIV 1-2.0, v.3.0 Cards Kit, 30 Tests",,30,6180,2130,16.5,0.55,163.15
"HIV 1/2, Bioline 3.0 Kit, Lancets, Capillary pipets, Alcohol swabs included, 25 Tests","HIV 1/2, Bioline 3.0 Kit, Lancets, Capillary pipets, Alcohol swabs included, 25 Tests",,25,7864,2450,20,0.8,308.27
"Lamivudine/Zidovudine 150/300mg, tablets, 60 Tabs","Lamivudine/Zidovudine 150/300mg, tablets, 60 Tabs",150/300mg,60,45168,3953,9.18,0.15,663.43
"Emtricitabine/Tenofovir Disoproxil Fumarate 200/300mg [Truvada], tablets, 30 Tabs","Emtricitabine/Tenofovir Disoproxil Fumarate 200/300mg [Truvada], tablets, 30 Tabs",300/200mg,30,60,Weight Captured Separately,39.47,1.32,3.79
"Nevirapine 200mg, tablets, 60 Tabs","Nevirapine 200mg, tablets, 60 Tabs",200mg,60,4200,See ASN-2274 (ID#:610),2.9,0.05,19.49
"Zidovudine 300mg, tablets, 60 Tabs","Zidovudine 300mg, tablets, 60 Tabs",300mg,60,245,13,11.05,0.18,
"Nevirapine 200mg, tablets, 60 Tabs","Nevirapine 200mg, tablets, 60 Tabs",200mg,60,120,Weight Captured Separately,20.24,0.34,3.89
"HIV, Lancet, Safety, for HIV Test kits, 100 Pcs","HIV, Lancet, Safety, for HIV Test kits, 100 Pcs",,100,213,14,0.01,0,0
"HIV 1/2, Uni-Gold HIV Kit, 20 Tests","HIV 1/2, Uni-Gold HIV Kit, 20 Tests",,20,1163,385,32,1.6,72.94
"HIV, Lancet, Safety, for HIV Test kits, 100 Pcs","HIV, Lancet, Safety, for HIV Test kits, 100 Pcs",,100,6875,Weight Captured Separately,0.01,0,0.11
"HIV 1/2, Uni-Gold HIV Kit, 20 Tests","HIV 1/2, Uni-Gold HIV Kit, 20 Tests",,20,4200,1413,32,1.6,215.04
"HIV 1/2, Determine HIV Kit, without Lancets, 100 Tests","HIV 1/2, Determine HIV Kit, without Lancets, 100 Tests",,100,7690,See ASN-2658 (ID#:4650),71.99,0.72,1085.06
"Nevirapine 200mg, tablets, 60 Tabs","Nevirapine 200mg, tablets, 60 Tabs",200mg,60,240,Weight Captured Separately,20.25,0.34,7.78
"Stavudine 1mg/ml [Zerit], powder for oral solution, Bottle, 200 ml","Stavudine 1mg/ml [Zerit], powder for oral solution, Bottle, 200 ml",1mg/ml,200,120,Weight Captured Separately,1.47,0.01,0.28
"Lamivudine 150mg [Epivir], tablets, 60 Tabs","Lamivudine 150mg [Epivir], tablets, 60 Tabs",150mg,60,1500,Weight Captured Separately,5.31,0.09,12.74
"Artesunate+Amodiaquine 50+153mg, tablets, co-blister 12+12 Tabs","Artesunate+Amodiaquine 50+153mg, tablets, co-blister 12+12 Tabs",50+153mg,24,25000,634,0.7,0.03,34.3
"#108853** HIV, Genie II HIV-1/HIV-2 Kit, 40 Tests","#108853** HIV, Genie II HIV-1/HIV-2 Kit, 40 Tests",,40,603,679,76,1.9,89.82
"HIV 1/2, Clearview Complete Kit, 25 Tests","HIV 1/2, Clearview Complete Kit, 25 Tests",,25,7,3,75,3,1.03
"Nevirapine 200mg, tablets, 60 Tabs","Nevirapine 200mg, tablets, 60 Tabs",200mg,60,7800,See ASN-3312 (ID#:6081),2.9,0.05,44.34
"HIV 1/2, SKB Colloidal Gold, Diagnostic Kit, Antibody, 50 Tests","HIV 1/2, SKB Colloidal Gold, Diagnostic Kit, Antibody, 50 Tests",,1,3510,2535,23,23,158.23
"HIV 1/2, SKB Colloidal Gold, Diagnostic Kit, Antibody, 50 Tests","HIV 1/2, SKB Colloidal Gold, Diagnostic Kit, Antibody, 50 Tests",,1,3510,2535,23,23,158.23
"HIV 1/2, SKB Colloidal Gold, Diagnostic Kit, Antibody, 50 Tests","HIV 1/2, SKB Colloidal Gold, Diagnostic Kit, Antibody, 50 Tests",,1,3510,2535,23,23,158.23
"Zidovudine 300mg [Retrovir], tablets, 60 Tabs","Zidovudine 300mg [Retrovir], tablets, 60 Tabs",300mg,60,350,Weight Captured Separately,12.62,0.21,8.66
"Lamivudine 150mg [Epivir], tablets, 60 Tabs","Lamivudine 150mg [Epivir], tablets, 60 Tabs",150mg,60,1200,Weight Captured Separately,4.81,0.08,11.31
"Didanosine 25mg [Videx], chewable tablets, 60 Tabs","Didanosine 25mg [Videx], chewable tablets, 60 Tabs",25mg,60,10,Weight Captured Separately,12.31,0.21,0.24
"Lamivudine/Zidovudine 150/300mg, tablets, 60 Tabs","Lamivudine/Zidovudine 150/300mg, tablets, 60 Tabs",150/300mg,60,4032,See ASN-3561 (ID#:2297),8.61,0.14,68.04
"Lopinavir/Ritonavir 200/50mg [Aluvia], tablets, 120 Tabs","Lopinavir/Ritonavir 200/50mg [Aluvia], tablets, 120 Tabs",200/50mg,120,12560,3073,41.1,0.34,1011.78
"HIV 1/2, Determine HIV Kit, without Lancets, 100 Tests","HIV 1/2, Determine HIV Kit, without Lancets, 100 Tests",,100,2000,453,70,0.7,274.4
"Didanosine 200mg, chewable/dispersible tablets, 60 Tabs","Didanosine 200mg, chewable/dispersible tablets, 60 Tabs",200mg,60,40,See ASN-3628 (ID#:2399),15.5,0.26,1.22
"Efavirenz 50mg, capsule, 30 Caps","Efavirenz 50mg, capsule, 30 Caps",50mg,30,1242,96,2.24,0.07,5.45
"HIV 1/2, Capillus HIV Kit, 100 Tests","HIV 1/2, Capillus HIV Kit, 100 Tests",,100,110,78,139,1.39,29.97
"Zidovudine 300mg, tablets, 60 Tabs","Zidovudine 300mg, tablets, 60 Tabs",300mg,60,300,Weight Captured Separately,12.33,0.21,7.25
"Zidovudine 10mg/ml, oral solution, Bottle, 240 ml","Zidovudine 10mg/ml, oral solution, Bottle, 240 ml",10mg/ml,240,540,Weight Captured Separately,3.76,0.02,3.98
"Lopinavir/Ritonavir 200/50mg [Aluvia], tablets, 120 Tabs","Lopinavir/Ritonavir 200/50mg [Aluvia], tablets, 120 Tabs",200/50mg,120,1500,Weight Captured Separately,31.92,0.27,93.84
"Efavirenz 600mg, tablets, 30 Tabs","Efavirenz 600mg, tablets, 30 Tabs",600mg,30,6734,Weight Captured Separately,14.61,0.49,192.83
"Efavirenz 50mg, capsule, 30 Caps","Efavirenz 50mg, capsule, 30 Caps",50mg,30,144,See ASN-3635 (ID#:3745),3.06,0.1,0.86
"Efavirenz 50mg, capsule, 30 Caps","Efavirenz 50mg, capsule, 30 Caps",50mg,30,2996,Weight Captured Separately,3.07,0.1,18.03
"Saquinavir 200mg [Invirase], capsules, 270 Caps","Saquinavir 200mg [Invirase], capsules, 270 Caps",200mg,270,30,Weight Captured Separately,54.49,0.2,3.2
"Efavirenz 50mg [Stocrin/Sustiva], capsule, 30 Caps","Efavirenz 50mg [Stocrin/Sustiva], capsule, 30 Caps",50mg,30,400,Weight Captured Separately,2.28,0.08,1.79
"Didanosine 100mg [Videx],chewable tablets, 60 Tabs","Didanosine 100mg [Videx],chewable tablets, 60 Tabs",100mg,60,10,Weight Captured Separately,10.06,0.17,0.2
"Stavudine 1mg/ml [Zerit], powder for oral solution, Bottle, 200 ml","Stavudine 1mg/ml [Zerit], powder for oral solution, Bottle, 200 ml",1mg/ml,200,650,Weight Captured Separately,1.14,0.01,1.45
"Lamivudine 10mg/ml [Epivir], oral solution, Bottle, 240 ml","Lamivudine 10mg/ml [Epivir], oral solution, Bottle, 240 ml",10mg/ml,240,350,Weight Captured Separately,5.09,0.02,3.49
"Lopinavir/Ritonavir 80/20mg/ml [Kaletra], oral solution, cool, Bottle 5 x 60 ml","Lopinavir/Ritonavir 80/20mg/ml [Kaletra], oral solution, cool, Bottle 5 x 60 ml",80/20mg/ml,300,70,Weight Captured Separately,30.91,0.1,4.24
"Lopinavir/Ritonavir 80/20mg/ml [Kaletra], oral solution, cool, Bottle 5 x 60 ml","Lopinavir/Ritonavir 80/20mg/ml [Kaletra], oral solution, cool, Bottle 5 x 60 ml",80/20mg/ml,300,440,Weight Captured Separately,35.98,0.12,31.03
"Stavudine 1mg/ml, powder for oral solution, 200 ml","Stavudine 1mg/ml, powder for oral solution, 200 ml",1mg/ml,200,1500,Weight Captured Separately,2.1,0.01,6.17
"Lopinavir/Ritonavir 200/50mg [Aluvia], tablets, 120 Tabs","Lopinavir/Ritonavir 200/50mg [Aluvia], tablets, 120 Tabs",200/50mg,120,2965,Weight Captured Separately,35.98,0.3,209.09
"Lamivudine 10mg/ml [Epivir], oral solution, Bottle, 240 ml","Lamivudine 10mg/ml [Epivir], oral solution, Bottle, 240 ml",10mg/ml,240,1900,Weight Captured Separately,5.56,0.02,20.71
"Stavudine 30mg, capsules, 60 Caps","Stavudine 30mg, capsules, 60 Caps",30mg,60,4553,Weight Captured Separately,3,0.05,26.77
"HIV 1/2, Uni-Gold HIV Kit, 20 Tests","HIV 1/2, Uni-Gold HIV Kit, 20 Tests",,20,1371,468,32,1.6,85.99
"Efavirenz 50mg, capsule, 30 Caps","Efavirenz 50mg, capsule, 30 Caps",50mg,30,600,Weight Captured Separately,3.15,0.1,3.7
"Nevirapine 200mg [Viramune], tablets, 60 Tabs","Nevirapine 200mg [Viramune], tablets, 60 Tabs",200mg,60,300,Weight Captured Separately,16.77,0.28,9.86
"Lamivudine 150mg, tablets, 60 Tabs","Lamivudine 150mg, tablets, 60 Tabs",150mg,60,18000,See ASN-4420 (ID#:1183),2.4,0.04,84.67
"Lamivudine/Nevirapine/Stavudine 30/50/6mg, dispersible tablets, 60 Tabs","Lamivudine/Nevirapine/Stavudine 30/50/6mg, dispersible tablets, 60 Tabs",30/50/6mg,60,1812,See ASN-4511 (ID#:2571),2.4,0.04,8.52
"Didanosine EC 250mg [Videx EC], delayed-release capsules, Blister 3 x 10 Caps","Didanosine EC 250mg [Videx EC], delayed-release capsules, Blister 3 x 10 Caps",250mg,30,84,4,18.34,0.61,3.02
"HIV 1/2, Determine HIV Kit, without Lancets, 100 Tests","HIV 1/2, Determine HIV Kit, without Lancets, 100 Tests",,100,15,4,70,0.7,2.06
"Saquinavir 200mg [Invirase], capsules, 270 Caps","Saquinavir 200mg [Invirase], capsules, 270 Caps",200mg,270,5178,2666,89.11,0.33,904.42
"HIV 1/2, Determine HIV Kit, without Lancets, 100 Tests","HIV 1/2, Determine HIV Kit, without Lancets, 100 Tests",,100,24,6,70,0.7,3.29
"Nelfinavir (as mesilate) 250mg [Viracept], tablets, 270 Tabs","Nelfinavir (as mesilate) 250mg [Viracept], tablets, 270 Tabs",250mg,270,1000,254,164.62,0.61,
"HIV 1/2, Determine Complete HIV Kit, 100 Tests","HIV 1/2, Determine Complete HIV Kit, 100 Tests",,100,500,171,80,0.8,
"HIV 1/2, Determine Complete HIV Kit, 100 Tests","HIV 1/2, Determine Complete HIV Kit, 100 Tests",,100,500,Weight Captured Separately,120,1.2,
"HIV 1/2, Determine Complete HIV Kit, 100 Tests","HIV 1/2, Determine Complete HIV Kit, 100 Tests",,100,1000,343,80,0.8,
"HIV 1/2, Determine Complete HIV Kit, 100 Tests","HIV 1/2, Determine Complete HIV Kit, 100 Tests",,100,150,Weight Captured Separately,150,1.5,
"HIV 1/2, Determine Complete HIV Kit, 100 Tests","HIV 1/2, Determine Complete HIV Kit, 100 Tests",,100,850,291096,80,0.8,
"HIV 1/2, Determine Complete HIV Kit, 100 Tests","HIV 1/2, Determine Complete HIV Kit, 100 Tests",,100,1250,426,80,0.8,
"Indinavir 400mg [Crixivan], capsules, 180 Caps","Indinavir 400mg [Crixivan], capsules, 180 Caps",400mg,180,1307,Weight Captured Separately,49.32,0.27,
"Zidovudine 300mg, tablets, 60 Tabs","Zidovudine 300mg, tablets, 60 Tabs",300mg,60,100,See ASN-270 (ID#:5279),10.84,0.18,
"Lamivudine/Zidovudine+Nevirapine 150/300+200mg, tablets, co-blister, 60+60 Tabs","Lamivudine/Zidovudine+Nevirapine 150/300+200mg, tablets, co-blister, 60+60 Tabs",150/300+200mg,120,1270,201,21,0.18,
"#102198**Didanosine 200mg [Videx], tablets, 60 Tabs","#102198**Didanosine 200mg [Videx], tablets, 60 Tabs",200mg,60,425,Weight Captured Separately,25.5,0.42,
"HIV 1/2, Capillus HIV Kit, 100 Tests","HIV 1/2, Capillus HIV Kit, 100 Tests",,100,60,40,175,1.75,
"HIV 1/2, Stat-Pak HIV, Kit, 20 Tests","HIV 1/2, Stat-Pak HIV, Kit, 20 Tests",,20,2496,702,27,1.35,
"HIV 1/2, Stat-Pak HIV, Kit, 20 Tests","HIV 1/2, Stat-Pak HIV, Kit, 20 Tests",,20,5004,1531,27,1.35,
"HIV 1/2, Stat-Pak HIV, Kit, 20 Tests","HIV 1/2, Stat-Pak HIV, Kit, 20 Tests",,20,50,18,27,1.35,
"HIV 1/2, Determine Complete HIV Kit, 100 Tests","HIV 1/2, Determine Complete HIV Kit, 100 Tests",,100,1000,343,80,0.8,
"HIV 1/2, Determine Complete HIV Kit, 100 Tests","HIV 1/2, Determine Complete HIV Kit, 100 Tests",,100,2500,851,80,0.8,
"Lamivudine 10mg/ml, oral solution, Bottle, 240 ml","Lamivudine 10mg/ml, oral solution, Bottle, 240 ml",10mg/ml,240,500,See ASN-781 (ID#:115),1.9,0.01,1.52
"HIV 1/2, Bioline 3.0 Kit, Lancets, Capillary pipets, Alcohol swabs included, 25 Tests","HIV 1/2, Bioline 3.0 Kit, Lancets, Capillary pipets, Alcohol swabs included, 25 Tests",,25,10000,3336,20,0.8,320
"HIV 1/2, Bioline 3.0 Kit, Lancets, Capillary pipets, Alcohol swabs included, 25 Tests","HIV 1/2, Bioline 3.0 Kit, Lancets, Capillary pipets, Alcohol swabs included, 25 Tests",,25,10000,3122,20,0.8,320
"HIV 1/2, OraQuick Advance HIV Rapid Antibody Kit, 100 Tests","HIV 1/2, OraQuick Advance HIV Rapid Antibody Kit, 100 Tests",,100,5,Weight Captured Separately,350,3.5,2.8
"Efavirenz 200mg [Stocrin/Sustiva], capsule, 90 Caps","Efavirenz 200mg [Stocrin/Sustiva], capsule, 90 Caps",200mg,90,60,Weight Captured Separately,35.2,0.39,3.38
"Lamivudine 150mg [Epivir], tablets, 60 Tabs","Lamivudine 150mg [Epivir], tablets, 60 Tabs",150mg,60,1500,Weight Captured Separately,6.4,0.11,15.36
"Lamivudine/Nevirapine/Stavudine 150/200/30mg, tablets, 60 Tabs","Lamivudine/Nevirapine/Stavudine 150/200/30mg, tablets, 60 Tabs",150/200/30mg,60,100000,10303,7,0.12,1120
"HIV 1/2, OraQuick Advance HIV Rapid Antibody Kit, 100 Tests","HIV 1/2, OraQuick Advance HIV Rapid Antibody Kit, 100 Tests",,100,5,Weight Captured Separately,350,3.5,2.8
"Efavirenz 600mg, tablets, 30 Tabs","Efavirenz 600mg, tablets, 30 Tabs",600mg,30,32510,2791,11.75,0.39,611.19
"HIV 1/2, OraQuick Advance HIV Rapid Antibody Kit, 100 Tests","HIV 1/2, OraQuick Advance HIV Rapid Antibody Kit, 100 Tests",,100,50,Weight Captured Separately,350,3.5,28
"HIV 1/2, Bundi Rapid HIV Kit, 25 Tests","HIV 1/2, Bundi Rapid HIV Kit, 25 Tests",,1,600,Weight Captured Separately,37.5,37.5,36
"Didanosine 2g [Videx], powder for oral solution 10mg/ml, reconstitute to 200 ml","Didanosine 2g [Videx], powder for oral solution 10mg/ml, reconstitute to 200 ml",2g,200,712,Weight Captured Separately,12.59,0.06,14.34
"HIV 1/2, Capillus HIV Kit, 100 Tests","HIV 1/2, Capillus HIV Kit, 100 Tests",,100,2,4,139,1.39,0.54
"HIV 1/2, Capillus HIV Kit, 100 Tests","HIV 1/2, Capillus HIV Kit, 100 Tests",,100,125,92,139,1.39,27.8
"Lopinavir/Ritonavir 133.3/33.3mg [Kaletra], capsules, cool, 2 x 90 Caps","Lopinavir/Ritonavir 133.3/33.3mg [Kaletra], capsules, cool, 2 x 90 Caps",133.3/33.3mg,180,400,Weight Captured Separately,46.15,0.26,29.54
"HIV 1/2, Stat-Pak HIV, Kit, 20 Tests","HIV 1/2, Stat-Pak HIV, Kit, 20 Tests",,20,6520,2224,27,1.35,281.66
"HIV, Lancet, Safety, for HIV Test kits, 100 Pcs","HIV, Lancet, Safety, for HIV Test kits, 100 Pcs",,100,6199,Weight Captured Separately,0.01,0,0.1
"HIV 1/2, Bioline 3.0 Kit, Lancets, Capillary pipets, Alcohol swabs included, 25 Tests","HIV 1/2, Bioline 3.0 Kit, Lancets, Capillary pipets, Alcohol swabs included, 25 Tests",,25,232,70,20,0.8,7.42
"HIV 1/2, OraQuick Advance HIV Rapid Antibody Kit, 100 Tests","HIV 1/2, OraQuick Advance HIV Rapid Antibody Kit, 100 Tests",,100,30,72,350,3.5,16.8
"HIV 1/2, Stat-Pak HIV, Kit, 20 Tests","HIV 1/2, Stat-Pak HIV, Kit, 20 Tests",,20,289,84,27,1.35,15.29
"HIV, Lancet, Safety, for HIV Test kits, 100 Pcs","HIV, Lancet, Safety, for HIV Test kits, 100 Pcs",,100,3000,Weight Captured Separately,0.01,0,0.05
"HIV 1/2, DoubleCheck II Kit, 40 Tests","HIV 1/2, DoubleCheck II Kit, 40 Tests",,40,500,Weight Captured Separately,79,1.98,63.2
"Efavirenz 600mg, tablets, 30 Tabs","Efavirenz 600mg, tablets, 30 Tabs",600mg,30,10080,772,11.48,0.38,185.15
"HIV 1/2, Determine HIV Kit, without Lancets, 100 Tests","HIV 1/2, Determine HIV Kit, without Lancets, 100 Tests",,100,1130,258,79.99,0.8,144.62
"HIV 1/2, Determine HIV Kit, without Lancets, 100 Tests","HIV 1/2, Determine HIV Kit, without Lancets, 100 Tests",,100,100,28,71.99,0.72,11.52
"HIV, Lancet, Safety, for HIV Test kits, 100 Pcs","HIV, Lancet, Safety, for HIV Test kits, 100 Pcs",,100,100,Weight Captured Separately,0.01,0,0
"HIV 1/2, Uni-Gold HIV Kit, 20 Tests","HIV 1/2, Uni-Gold HIV Kit, 20 Tests",,20,500,166,32,1.6,25.6
"Lamivudine/Nevirapine/Stavudine 150/200/30mg, tablets, 60 Tabs","Lamivudine/Nevirapine/Stavudine 150/200/30mg, tablets, 60 Tabs",150/200/30mg,60,9792,836,7.4,0.12,115.94
"Nevirapine 200mg, tablets, 60 Tabs","Nevirapine 200mg, tablets, 60 Tabs",200mg,60,3840,See ASN-2277 (ID#:5793),3.21,0.05,19.72
"Zidovudine 300mg, tablets, 60 Tabs","Zidovudine 300mg, tablets, 60 Tabs",300mg,60,432,See ASN-2335 (ID#:5796),7.5,0.12,5.18
"Lamivudine 150mg, tablets, 60 Tabs","Lamivudine 150mg, tablets, 60 Tabs",150mg,60,14364,See ASN-2336 (ID#:530),2.6,0.04,59.75
"Stavudine 40mg [Zerit], capsules, 60 Caps","Stavudine 40mg [Zerit], capsules, 60 Caps",40mg,60,100,Weight Captured Separately,5.17,0.09,0.83
"Didanosine EC 400mg [Videx EC], delayed-release capsules, Blister 3 x 10 Caps","Didanosine EC 400mg [Videx EC], delayed-release capsules, Blister 3 x 10 Caps",400mg,30,80,Weight Captured Separately,24.6,0.82,3.15
"Efavirenz 50mg [Stocrin/Sustiva], capsule, 30 Caps","Efavirenz 50mg [Stocrin/Sustiva], capsule, 30 Caps",50mg,30,240,Weight Captured Separately,2.99,0.1,1.15
"HIV 1/2, Capillus HIV Kit, 100 Tests","HIV 1/2, Capillus HIV Kit, 100 Tests",,100,4,3,139,1.39,0.89
"HIV 1/2, OraQuick Advance HIV Rapid Antibody Kit, 100 Tests","HIV 1/2, OraQuick Advance HIV Rapid Antibody Kit, 100 Tests",,100,54,Weight Captured Separately,350,3.5,30.24
"HIV 1/2, Bioline 3.0 Kit, Lancets, Capillary pipets, Alcohol swabs included, 25 Tests","HIV 1/2, Bioline 3.0 Kit, Lancets, Capillary pipets, Alcohol swabs included, 25 Tests",,25,500,157,20,0.8,19.6
"Lopinavir/Ritonavir 80/20mg/ml [Kaletra], oral solution, cool, Bottle 5 x 60 ml","Lopinavir/Ritonavir 80/20mg/ml [Kaletra], oral solution, cool, Bottle 5 x 60 ml",80/20mg/ml,300,10,Weight Captured Separately,35.46,0.12,0.57
"Lopinavir/Ritonavir 200/50mg [Aluvia], tablets, 120 Tabs","Lopinavir/Ritonavir 200/50mg [Aluvia], tablets, 120 Tabs",200/50mg,120,1080,259,82.2,0.68,174
"Abacavir 300mg, tablets, 60 Tabs","Abacavir 300mg, tablets, 60 Tabs",300mg,60,380,See ASN-2809 (ID#:1955),23.5,0.39,17.5
"Lamivudine/Nevirapine/Zidovudine 150/200/300mg, tablets, 60 Tabs","Lamivudine/Nevirapine/Zidovudine 150/200/300mg, tablets, 60 Tabs",150/300/200mg,60,2200,See ASN-2792 (ID#:5936),11.4,0.19,49.16
"Lopinavir/Ritonavir 100/25mg [Aluvia], tablets, 60 Tabs","Lopinavir/Ritonavir 100/25mg [Aluvia], tablets, 60 Tabs",100/25mg,60,20,19,10.28,0.17,0.33
"HIV 1/2, SKB Colloidal Gold, Diagnostic Kit, Antibody, 50 Tests","HIV 1/2, SKB Colloidal Gold, Diagnostic Kit, Antibody, 50 Tests",,1,7002,5057,23,23,257.67
"Efavirenz 600mg, tablets, 30 Tabs","Efavirenz 600mg, tablets, 30 Tabs",600mg,30,1500,Weight Captured Separately,16.2,0.54,38.88
"Efavirenz 50mg [Stocrin/Sustiva], capsule, 30 Caps","Efavirenz 50mg [Stocrin/Sustiva], capsule, 30 Caps",50mg,30,200,Weight Captured Separately,2.86,0.1,0.92
"HIV 1/2, Stat-Pak HIV, Kit, 20 Tests","HIV 1/2, Stat-Pak HIV, Kit, 20 Tests",,20,10594,3039,27,1.35,560.63
"HIV 1/2, Capillus HIV Kit, 100 Tests","HIV 1/2, Capillus HIV Kit, 100 Tests",,100,150,113,139,1.39,40.87
"Efavirenz/Emtricitabine/Tenofovir Disoproxil Fumarate 600/200/300mg [Atripla], tablets, 30 Tabs","Efavirenz/Emtricitabine/Tenofovir Disoproxil Fumarate 600/200/300mg [Atripla], tablets, 30 Tabs",600/200/300mg,30,2000,169,50.4,1.68,197.57
"Efavirenz/Emtricitabine/Tenofovir Disoproxil Fumarate 600/200/300mg [Atripla], tablets, 30 Tabs","Efavirenz/Emtricitabine/Tenofovir Disoproxil Fumarate 600/200/300mg [Atripla], tablets, 30 Tabs",600/200/300mg,30,3991,Weight Captured Separately,50.4,1.68,394.25
"#109435**HIV, OraQuick Controls Kit, 3 Vials","#109435**HIV, OraQuick Controls Kit, 3 Vials",,3,10,7,15.25,5.08,0.3
"HIV, Lancet, Safety, for HIV Test kits, 100 Pcs","HIV, Lancet, Safety, for HIV Test kits, 100 Pcs",,100,5500,See ASN-3508 (ID#:3441),0.01,0,0.11
"HIV 1/2, Determine Complete HIV Kit, 100 Tests","HIV 1/2, Determine Complete HIV Kit, 100 Tests",,100,4800,1417,72,0.72,677.38
"HIV 1/2, Uni-Gold HIV Kit, 20 Tests","HIV 1/2, Uni-Gold HIV Kit, 20 Tests",,20,650,278,32,1.6,40.77
"HIV 1/2, Clearview Complete Kit, 25 Tests","HIV 1/2, Clearview Complete Kit, 25 Tests",,25,20,9,75,3,2.94
"HIV 1/2, Uni-Gold HIV Kit, 20 Tests","HIV 1/2, Uni-Gold HIV Kit, 20 Tests",,20,35,12,32,1.6,2.2
"HIV 1/2, SKB Colloidal Gold, Diagnostic Kit, Antibody, 50 Tests","HIV 1/2, SKB Colloidal Gold, Diagnostic Kit, Antibody, 50 Tests",,1,3470,2509,23,23,156.43
"HIV 1/2, Uni-Gold HIV Kit, 20 Tests","HIV 1/2, Uni-Gold HIV Kit, 20 Tests",,20,839,277,32,1.6,52.62
"Zidovudine 300mg, tablets, 60 Tabs","Zidovudine 300mg, tablets, 60 Tabs",300mg,60,4023,Weight Captured Separately,11.68,0.19,92.1
"Efavirenz/Emtricitabine/Tenofovir Disoproxil Fumarate 600/200/300mg [Atripla], tablets, 30 Tabs","Efavirenz/Emtricitabine/Tenofovir Disoproxil Fumarate 600/200/300mg [Atripla], tablets, 30 Tabs",600/200/300mg,30,2680,See ASN-3853 (ID#:4824),50.4,1.68,264.74
"Lopinavir/Ritonavir 200/50mg [Aluvia], tablets, 120 Tabs","Lopinavir/Ritonavir 200/50mg [Aluvia], tablets, 120 Tabs",200/50mg,120,12500,3088,41.1,0.34,1006.95
"Zidovudine 300mg, tablets, 60 Tabs","Zidovudine 300mg, tablets, 60 Tabs",300mg,60,168,9,7.5,0.12,2.47
"Lamivudine/Nevirapine/Stavudine 150/200/30mg, tablets, 60 Tabs","Lamivudine/Nevirapine/Stavudine 150/200/30mg, tablets, 60 Tabs",150/200/30mg,60,24480,2165,6.9,0.12,331.07
"HIV 1/2, OraQuick Advance HIV Rapid Antibody Kit, 100 Tests","HIV 1/2, OraQuick Advance HIV Rapid Antibody Kit, 100 Tests",,100,5,12,350,3.5,3.43
"Lopinavir/Ritonavir 200/50mg [Aluvia], tablets, 120 Tabs","Lopinavir/Ritonavir 200/50mg [Aluvia], tablets, 120 Tabs",200/50mg,120,60,See ASN-4381 (ID#:4949),41.1,0.34,4.83
"Lamivudine/Zidovudine 150/300mg, tablets, 60 Tabs","Lamivudine/Zidovudine 150/300mg, tablets, 60 Tabs",150/300mg,60,22752,2086,9.1,0.15,405.8
"Lopinavir/Ritonavir 100/25mg [Aluvia], tablets, 60 Tabs","Lopinavir/Ritonavir 100/25mg [Aluvia], tablets, 60 Tabs",100/25mg,60,14,7,10.28,0.17,0.28
"Tenofovir Disoproxil Fumarate 300mg, tablets, 30 Tabs","Tenofovir Disoproxil Fumarate 300mg, tablets, 30 Tabs",300mg,30,560,32050,9,0.3,9.88
"Lopinavir/Ritonavir 80/20mg/ml [Kaletra], oral solution, cool, Bottle 5 x 60 ml","Lopinavir/Ritonavir 80/20mg/ml [Kaletra], oral solution, cool, Bottle 5 x 60 ml",80/20mg/ml,300,50,99,41.1,0.14,4.03
"Lopinavir/Ritonavir 80/20mg/ml [Kaletra], oral solution, cool, Bottle 5 x 60 ml","Lopinavir/Ritonavir 80/20mg/ml [Kaletra], oral solution, cool, Bottle 5 x 60 ml",80/20mg/ml,300,90,Weight Captured Separately,31.49,0.1,5.55
"Efavirenz 600mg, tablets, 30 Tabs","Efavirenz 600mg, tablets, 30 Tabs",600mg,30,3710,Weight Captured Separately,16.37,0.55,119.04
"Stavudine 30mg, capsules, 60 Caps","Stavudine 30mg, capsules, 60 Caps",30mg,60,25637,Weight Captured Separately,2.47,0.04,124.11
"Lamivudine 150mg, tablets, 60 Tabs","Lamivudine 150mg, tablets, 60 Tabs",150mg,60,1200,Weight Captured Separately,5.47,0.09,12.87
"Lamivudine 150mg, tablets, 60 Tabs","Lamivudine 150mg, tablets, 60 Tabs",150mg,60,16000,Weight Captured Separately,5.33,0.09,167.15
"Lamivudine 10mg/ml [Epivir], oral solution, Bottle, 240 ml","Lamivudine 10mg/ml [Epivir], oral solution, Bottle, 240 ml",10mg/ml,240,2000,Weight Captured Separately,5.19,0.02,20.34
"Lamivudine 10mg/ml, oral solution, Bottle, 240 ml","Lamivudine 10mg/ml, oral solution, Bottle, 240 ml",10mg/ml,240,1500,Weight Captured Separately,3.63,0.02,10.67
"HIV 1/2, Determine Complete HIV Kit, 100 Tests","HIV 1/2, Determine Complete HIV Kit, 100 Tests",,100,4500,1330,72,0.72,635.04
"Nevirapine 200mg, tablets, 60 Tabs","Nevirapine 200mg, tablets, 60 Tabs",200mg,60,200,Weight Captured Separately,14.99,0.25,5.88
"Efavirenz 200mg [Stocrin/Sustiva], capsule, 90 Caps","Efavirenz 200mg [Stocrin/Sustiva], capsule, 90 Caps",200mg,90,100,Weight Captured Separately,24.54,0.27,4.81
"Lopinavir/Ritonavir 80/20mg/ml [Kaletra], oral solution, cool, Bottle 5 x 60 ml","Lopinavir/Ritonavir 80/20mg/ml [Kaletra], oral solution, cool, Bottle 5 x 60 ml",80/20mg/ml,300,80,Weight Captured Separately,29.86,0.1,4.68
"HIV 1/2, OraQuick Advance HIV Rapid Antibody Kit, 100 Tests","HIV 1/2, OraQuick Advance HIV Rapid Antibody Kit, 100 Tests",,100,55,132,350,3.5,37.73
"Lopinavir/Ritonavir 200/50mg [Aluvia], tablets, 120 Tabs","Lopinavir/Ritonavir 200/50mg [Aluvia], tablets, 120 Tabs",200/50mg,120,200,Weight Captured Separately,30.91,0.26,12.12
"Zidovudine 10mg/ml [Retrovir], oral solution, Bottle, 200 ml","Zidovudine 10mg/ml [Retrovir], oral solution, Bottle, 200 ml",10mg/ml,200,140,Weight Captured Separately,5.95,0.03,1.63
"Emtricitabine/Tenofovir Disoproxil Fumarate 200/300mg [Truvada], tablets, 30 Tabs","Emtricitabine/Tenofovir Disoproxil Fumarate 200/300mg [Truvada], tablets, 30 Tabs",300/200mg,30,60,Weight Captured Separately,30.22,1.01,3.55
"Nevirapine 10mg/ml [Viramune], oral suspension, Bottle, 240 ml","Nevirapine 10mg/ml [Viramune], oral suspension, Bottle, 240 ml",10mg/ml,240,30,Weight Captured Separately,10.78,0.04,0.63
"Lamivudine 150mg [Epivir], tablets, 60 Tabs","Lamivudine 150mg [Epivir], tablets, 60 Tabs",150mg,60,1200,Weight Captured Separately,5.01,0.08,11.78
"Didanosine 100mg [Videx],chewable tablets, 60 Tabs","Didanosine 100mg [Videx],chewable tablets, 60 Tabs",100mg,60,2160,Weight Captured Separately,10.71,0.18,45.34
"Lamivudine 150mg [Epivir], tablets, 60 Tabs","Lamivudine 150mg [Epivir], tablets, 60 Tabs",150mg,60,3000,Weight Captured Separately,5.36,0.09,31.52
"Nevirapine 200mg [Viramune], tablets, 60 Tabs","Nevirapine 200mg [Viramune], tablets, 60 Tabs",200mg,60,6000,Weight Captured Separately,16.76,0.28,197.1
"Didanosine 100mg [Videx],chewable tablets, 60 Tabs","Didanosine 100mg [Videx],chewable tablets, 60 Tabs",100mg,60,6840,Weight Captured Separately,10.71,0.18,143.58
"Ritonavir 100mg [Norvir], capsules, cool, 84 Caps","Ritonavir 100mg [Norvir], capsules, cool, 84 Caps",100mg,84,10,Weight Captured Separately,8.4,0.1,0.16
"Didanosine EC 400mg [Videx EC], delayed-release capsules, Blister 3 x 10 Caps","Didanosine EC 400mg [Videx EC], delayed-release capsules, Blister 3 x 10 Caps",400mg,30,80,Weight Captured Separately,18.78,0.63,2.94
"Zidovudine 10mg/ml, oral solution, Bottle, 240 ml","Zidovudine 10mg/ml, oral solution, Bottle, 240 ml",10mg/ml,240,200,See ASN-4332 (ID#:1115),6.04,0.03,2.37
"HIV 1/2, Bioline 3.0 Kit, Lancets, Capillary pipets, Alcohol swabs included, 25 Tests","HIV 1/2, Bioline 3.0 Kit, Lancets, Capillary pipets, Alcohol swabs included, 25 Tests",,25,500,136,20,0.8,19.6
"HIV 1/2, Capillus HIV Kit, 100 Tests","HIV 1/2, Capillus HIV Kit, 100 Tests",,100,150,105,139,1.39,40.87
"Lopinavir/Ritonavir 200/50mg [Aluvia], tablets, 120 Tabs","Lopinavir/Ritonavir 200/50mg [Aluvia], tablets, 120 Tabs",200/50mg,120,159,See ASN-3984 (ID#:2499),41.1,0.34,12.81
"HIV 1/2, Determine Complete HIV Kit, 100 Tests","HIV 1/2, Determine Complete HIV Kit, 100 Tests",,100,7500,2215,80,0.8,1176
"HIV 1/2, Bioline 3.0 Kit, (no accessories), 30 Tests","HIV 1/2, Bioline 3.0 Kit, (no accessories), 30 Tests",,30,5000,1558,24,0.8,235.2
"HIV 1/2, Determine Complete HIV Kit, 100 Tests","HIV 1/2, Determine Complete HIV Kit, 100 Tests",,100,1500,445,80,0.8,235.2
"HIV 1/2, Uni-Gold HIV Kit, 20 Tests","HIV 1/2, Uni-Gold HIV Kit, 20 Tests",,20,600,205,32,1.6,37.63
"Lamivudine/Nevirapine/Stavudine 150/200/30mg, tablets, 60 Tabs","Lamivudine/Nevirapine/Stavudine 150/200/30mg, tablets, 60 Tabs",150/200/30mg,60,19392,1899,6.75,0.11,256.56
"Lamivudine 150mg, tablets, 60 Tabs","Lamivudine 150mg, tablets, 60 Tabs",150mg,60,6000,See ASN-4419 (ID#:3851),2.4,0.04,28.22
"Stavudine 1mg/ml, powder for oral solution, 200 ml","Stavudine 1mg/ml, powder for oral solution, 200 ml",1mg/ml,200,800,98,1.34,0.01,2.1
"HIV 1/2, Uni-Gold HIV Kit, 20 Tests","HIV 1/2, Uni-Gold HIV Kit, 20 Tests",,20,75,25,32,1.6,4.7
"Didanosine 25mg [Videx], chewable tablets, 60 Tabs","Didanosine 25mg [Videx], chewable tablets, 60 Tabs",25mg,60,80,Weight Captured Separately,7,0.12,1.1
"Efavirenz 600mg, tablets, 30 Tabs","Efavirenz 600mg, tablets, 30 Tabs",600mg,30,1000,Weight Captured Separately,17.02,0.57,33.36
"Emtricitabine/Tenofovir Disoproxil Fumarate 200/300mg [Truvada], tablets, 30 Tabs","Emtricitabine/Tenofovir Disoproxil Fumarate 200/300mg [Truvada], tablets, 30 Tabs",300/200mg,30,260,Weight Captured Separately,41.04,1.37,20.91
"Stavudine 1mg/ml, powder for oral solution, 200 ml","Stavudine 1mg/ml, powder for oral solution, 200 ml",1mg/ml,200,1200,Weight Captured Separately,2.33,0.01,6.03
"Lopinavir/Ritonavir 200/50mg [Aluvia], tablets, 120 Tabs","Lopinavir/Ritonavir 200/50mg [Aluvia], tablets, 120 Tabs",200/50mg,120,5000,1246,41.1,0.34,402.78
"#108853** HIV, Genie II HIV-1/HIV-2 Kit, 40 Tests","#108853** HIV, Genie II HIV-1/HIV-2 Kit, 40 Tests",,40,733,783,75.35,1.88,
"HIV 1/2, Determine Complete HIV Kit, 100 Tests","HIV 1/2, Determine Complete HIV Kit, 100 Tests",,100,1250,428,80,0.8,
"HIV 1/2, Determine Complete HIV Kit, 100 Tests","HIV 1/2, Determine Complete HIV Kit, 100 Tests",,100,500,169,80,0.8,
"Abacavir 300mg, tablets, 60 Tabs","Abacavir 300mg, tablets, 60 Tabs",300mg,60,1000,91,44.5,0.74,
"Efavirenz 600mg, tablets, 30 Tabs","Efavirenz 600mg, tablets, 30 Tabs",600mg,30,5080,See ASN-127 (ID#:3955),16.75,0.56,
"Lamivudine/Zidovudine 150/300mg, tablets, 60 Tabs","Lamivudine/Zidovudine 150/300mg, tablets, 60 Tabs",150/300mg,60,38534,See ASN-123 (ID#:2685),11,0.18,
"HIV 1/2, Determine Complete HIV Kit, 100 Tests","HIV 1/2, Determine Complete HIV Kit, 100 Tests",,100,3500,1192,80,0.8,448
"Stavudine 20mg [Zerit], capsules, 60 Caps","Stavudine 20mg [Zerit], capsules, 60 Caps",20mg,60,1389,Weight Captured Separately,5.64,0.09,12.53
"Lamivudine/Nevirapine/Zidovudine 150/200/300mg, tablets, 60 Tabs","Lamivudine/Nevirapine/Zidovudine 150/200/300mg, tablets, 60 Tabs",150/300/200mg,60,7000,See ASN-737 (ID#:2765),13.5,0.22,151.2
"HIV 1/2, Bioline 3.0 Kit, Lancets, Capillary pipets, Alcohol swabs included, 25 Tests","HIV 1/2, Bioline 3.0 Kit, Lancets, Capillary pipets, Alcohol swabs included, 25 Tests",,25,10000,3345,20,0.8,320
"HIV 1/2, Bioline 3.0 Kit, Lancets, Capillary pipets, Alcohol swabs included, 25 Tests","HIV 1/2, Bioline 3.0 Kit, Lancets, Capillary pipets, Alcohol swabs included, 25 Tests",,25,10000,3110,20,0.8,320
"HIV 1/2, OraQuick Advance HIV Rapid Antibody Kit, 100 Tests","HIV 1/2, OraQuick Advance HIV Rapid Antibody Kit, 100 Tests",,100,10,24,350,3.5,5.6
"Didanosine 100mg, chewable/dispersible tablets, 60 Tabs","Didanosine 100mg, chewable/dispersible tablets, 60 Tabs",100mg,60,1300,270,7.75,0.13,16.12
"HIV 1/2, Stat-Pak HIV, Kit, 20 Tests","HIV 1/2, Stat-Pak HIV, Kit, 20 Tests",,20,120,35,27,1.35,5.18
"HIV 1/2, OraQuick Advance HIV Rapid Antibody Kit, 100 Tests","HIV 1/2, OraQuick Advance HIV Rapid Antibody Kit, 100 Tests",,100,10,24,350,3.5,5.6
"HIV 1/2/O, First Response HIV 1-2.0, v.3.0 Cards Kit, 30 Tests","HIV 1/2/O, First Response HIV 1-2.0, v.3.0 Cards Kit, 30 Tests",,30,3991,1150,16.5,0.55,105.36
"HIV 1/2, Capillus HIV Kit, 100 Tests","HIV 1/2, Capillus HIV Kit, 100 Tests",,100,463,450,139,1.39,102.97
"HIV 1/2, Capillus HIV Kit, 100 Tests","HIV 1/2, Capillus HIV Kit, 100 Tests",,100,300,See ASN-1085 (ID#:9487),139,1.39,66.72
"Zidovudine 300mg, tablets, 60 Tabs","Zidovudine 300mg, tablets, 60 Tabs",300mg,60,600,34,8.38,0.14,8.04
"Efavirenz 600mg, tablets, 30 Tabs","Efavirenz 600mg, tablets, 30 Tabs",600mg,30,48259,4143,11.75,0.39,907.27
"HIV 1/2, Capillus HIV Kit, 100 Tests","HIV 1/2, Capillus HIV Kit, 100 Tests",,100,3,2,139,1.39,0.82
"HIV 1/2, Determine HIV Kit, without Lancets, 100 Tests","HIV 1/2, Determine HIV Kit, without Lancets, 100 Tests",,100,1000,228,70,0.7,112
"HIV 1/2, Capillus HIV Kit, 100 Tests","HIV 1/2, Capillus HIV Kit, 100 Tests",,100,2,Weight Captured Separately,139,1.39,0.44
"Tenofovir Disoproxil Fumarate 300mg [Viread], tablets, 30 Tabs","Tenofovir Disoproxil Fumarate 300mg [Viread], tablets, 30 Tabs",300mg,30,780,See ASN-1329 (ID#:6896),0.01,0,0.01
"Didanosine 2g [Videx], powder for oral solution 10mg/ml, reconstitute to 200 ml","Didanosine 2g [Videx], powder for oral solution 10mg/ml, reconstitute to 200 ml",2g,200,4,Weight Captured Separately,14.48,0.07,0.09
"Stavudine 30mg [Zerit], capsules, 60 Caps","Stavudine 30mg [Zerit], capsules, 60 Caps",30mg,60,2500,Weight Captured Separately,5.73,0.1,22.92
"Efavirenz 200mg [Stocrin/Sustiva], capsule, 90 Caps","Efavirenz 200mg [Stocrin/Sustiva], capsule, 90 Caps",200mg,90,100,Weight Captured Separately,32.97,0.37,5.28
"Tenofovir Disoproxil Fumarate 300mg [Viread], tablets, 30 Tabs","Tenofovir Disoproxil Fumarate 300mg [Viread], tablets, 30 Tabs",300mg,30,150,Weight Captured Separately,25.59,0.85,6.14
"HIV 1/2, Capillus HIV Kit, 100 Tests","HIV 1/2, Capillus HIV Kit, 100 Tests",,100,250,Weight Captured Separately,139,1.39,55.6
"HIV 1/2, Stat-Pak HIV, Kit, 20 Tests","HIV 1/2, Stat-Pak HIV, Kit, 20 Tests",,20,7719,2502,27,1.35,333.46
"HIV 1/2, Uni-Gold HIV Kit, 20 Tests","HIV 1/2, Uni-Gold HIV Kit, 20 Tests",,20,5300,1796,32,1.6,271.36
"Stavudine 30mg [Zerit], capsules, 60 Caps","Stavudine 30mg [Zerit], capsules, 60 Caps",30mg,60,600,Weight Captured Separately,5.71,0.1,5.48
"HIV 1/2, Determine HIV Kit, without Lancets, 100 Tests","HIV 1/2, Determine HIV Kit, without Lancets, 100 Tests",,100,240,55,71.99,0.72,27.64
"Abacavir 300mg, tablets, 60 Tabs","Abacavir 300mg, tablets, 60 Tabs",300mg,60,600,55,35.8,0.6,
"HIV 1/2, SKB Colloidal Gold, Diagnostic Kit, Antibody, 50 Tests","HIV 1/2, SKB Colloidal Gold, Diagnostic Kit, Antibody, 50 Tests",,1,1044,754,23,23,38.42
"HIV 1/2, Determine HIV Kit, without Lancets, 100 Tests","HIV 1/2, Determine HIV Kit, without Lancets, 100 Tests",,100,955,164,67,0.67,102.38
"HIV 1/2, Uni-Gold HIV Kit, 20 Tests","HIV 1/2, Uni-Gold HIV Kit, 20 Tests",,20,748,748,32,1.6,38.3
"Efavirenz 200mg [Stocrin/Sustiva], capsule, 90 Caps","Efavirenz 200mg [Stocrin/Sustiva], capsule, 90 Caps",200mg,90,80,Weight Captured Separately,28.15,0.31,3.6
"Ritonavir 100mg [Norvir], capsules, cool, 84 Caps","Ritonavir 100mg [Norvir], capsules, cool, 84 Caps",100mg,84,10,Weight Captured Separately,9.19,0.11,0.15
"Stavudine 30mg [Zerit], capsules, 60 Caps","Stavudine 30mg [Zerit], capsules, 60 Caps",30mg,60,1000,Weight Captured Separately,4.89,0.08,7.82
"Efavirenz 50mg [Stocrin/Sustiva], capsule, 30 Caps","Efavirenz 50mg [Stocrin/Sustiva], capsule, 30 Caps",50mg,30,200,Weight Captured Separately,2.98,0.1,0.95
"Didanosine 100mg, chewable/dispersible tablets, 60 Tabs","Didanosine 100mg, chewable/dispersible tablets, 60 Tabs",100mg,60,360,See ASN-2017 (ID#:5701),7.75,0.13,4.46
"Zidovudine 100mg, capsules, 100 Caps","Zidovudine 100mg, capsules, 100 Caps",100mg,100,1400,106,5.49,0.05,12.3
"Efavirenz 600mg, tablets, 30 Tabs","Efavirenz 600mg, tablets, 30 Tabs",600mg,30,10080,772,11.48,0.38,185.15
"Tenofovir Disoproxil Fumarate 300mg, tablets, 30 Tabs","Tenofovir Disoproxil Fumarate 300mg, tablets, 30 Tabs",300mg,30,2016,122,13.66,0.46,44.06
"Didanosine EC 400mg [Videx EC], delayed-release capsules, Blister 3 x 10 Caps","Didanosine EC 400mg [Videx EC], delayed-release capsules, Blister 3 x 10 Caps",400mg,30,100,Weight Captured Separately,23.86,0.8,3.82
"Lopinavir/Ritonavir 200/50mg [Aluvia], tablets, 120 Tabs","Lopinavir/Ritonavir 200/50mg [Aluvia], tablets, 120 Tabs",200/50mg,120,1480,370,82.2,0.68,194.65
"Efavirenz 600mg, tablets, 30 Tabs","Efavirenz 600mg, tablets, 30 Tabs",600mg,30,5040,See ASN-2335 (ID#:5796),10.24,0.34,82.58
"Efavirenz 200mg [Stocrin/Sustiva], capsule, 90 Caps","Efavirenz 200mg [Stocrin/Sustiva], capsule, 90 Caps",200mg,90,80,Weight Captured Separately,32.15,0.36,4.12
"Emtricitabine/Tenofovir Disoproxil Fumarate 200/300mg [Truvada], tablets, 30 Tabs","Emtricitabine/Tenofovir Disoproxil Fumarate 200/300mg [Truvada], tablets, 30 Tabs",300/200mg,30,20,Weight Captured Separately,38.25,1.27,1.22
"Saquinavir 200mg [Invirase], capsules, 270 Caps","Saquinavir 200mg [Invirase], capsules, 270 Caps",200mg,270,4,Weight Captured Separately,71.38,0.26,0.46
"Primaquine 15mg base (as diphosphate), tablets, 1000 Tabs","Primaquine 15mg base (as diphosphate), tablets, 1000 Tabs",15mg,1000,32,7,44.84,0.04,2.3
"HIV, Lancet, Safety, for HIV Test kits, 100 Pcs","HIV, Lancet, Safety, for HIV Test kits, 100 Pcs",,100,1396,See ASN-2997 (ID#:5860),0.01,0,0.03
"Efavirenz 600mg, tablets, 30 Tabs","Efavirenz 600mg, tablets, 30 Tabs",600mg,30,83400,6701,11.17,0.37,1490.52
"Artemether/Lumefantrine 20/120mg [Coartem], scored tablets, Blister 30 x 18 Tabs","Artemether/Lumefantrine 20/120mg [Coartem], scored tablets, Blister 30 x 18 Tabs",20/120mg,540,34,159,45.52,0.08,2.48
"Artemether/Lumefantrine 20/120mg [Coartem], scored tablets, Blister 30 x 18 Tabs","Artemether/Lumefantrine 20/120mg [Coartem], scored tablets, Blister 30 x 18 Tabs",20/120mg,540,34,See ASN-2106 (ID#:9841),45.52,0.08,2.48
"Lamivudine 150mg [Epivir], tablets, 60 Tabs","Lamivudine 150mg [Epivir], tablets, 60 Tabs",150mg,60,1000,Weight Captured Separately,5.31,0.09,8.5
"HIV 1/2, Uni-Gold HIV Kit, 20 Tests","HIV 1/2, Uni-Gold HIV Kit, 20 Tests",,20,2086,707,32,1.6,130.83
"HIV 1/2, Determine HIV Kit, without Lancets, 100 Tests","HIV 1/2, Determine HIV Kit, without Lancets, 100 Tests",,100,6502,See ASN-2438 (ID#:1941),79.99,0.8,832.15
"Didanosine 25mg [Videx], chewable tablets, 60 Tabs","Didanosine 25mg [Videx], chewable tablets, 60 Tabs",25mg,60,240,52,7,0.12,3.29
"Artemether/Lumefantrine 20/120mg [Coartem], scored tablets, Blister 30 x 18 Tabs","Artemether/Lumefantrine 20/120mg [Coartem], scored tablets, Blister 30 x 18 Tabs",20/120mg,540,25,86,35,0.06,1.4
"Lamivudine/Zidovudine 150/300mg, tablets, 60 Tabs","Lamivudine/Zidovudine 150/300mg, tablets, 60 Tabs",150/300mg,60,1800,See ASN-2515 (ID#:4635),8.61,0.14,24.8
"HIV 1/2, SKB Colloidal Gold, Diagnostic Kit, Antibody, 50 Tests","HIV 1/2, SKB Colloidal Gold, Diagnostic Kit, Antibody, 50 Tests",,1,6998,5056,23,23,315.47
"Zidovudine 300mg [Retrovir], tablets, 60 Tabs","Zidovudine 300mg [Retrovir], tablets, 60 Tabs",300mg,60,550,Weight Captured Separately,12.4,0.21,10.91
"Didanosine 2g [Videx], powder for oral solution 10mg/ml, reconstitute to 200 ml","Didanosine 2g [Videx], powder for oral solution 10mg/ml, reconstitute to 200 ml",2g,200,10,Weight Captured Separately,12.54,0.06,0.2
"HIV 1/2, Determine HIV Kit, without Lancets, 100 Tests","HIV 1/2, Determine HIV Kit, without Lancets, 100 Tests",,100,2,See ASN-2513 (ID#:3360),70,0.7,0.22
"Artesunate+Amodiaquine 50+153mg, tablets, co-blister 12+12 Tabs","Artesunate+Amodiaquine 50+153mg, tablets, co-blister 12+12 Tabs",50+153mg,24,20000,See ASN-2921 (ID#:719),0.7,0.03,27.44
"HIV, Lancet, Safety, for HIV Test kits, 100 Pcs","HIV, Lancet, Safety, for HIV Test kits, 100 Pcs",,100,1000,See ASN-2403 (ID#:3386),0.01,0,0.02
"Lamivudine 150mg, tablets, 60 Tabs","Lamivudine 150mg, tablets, 60 Tabs",150mg,60,6966,See ASN-3313 (ID#:3456),2.4,0.04,32.77
"#109440**HIV 1/2, INSTI HIV Antibody Individual POC, 1 Test","#109440**HIV 1/2, INSTI HIV Antibody Individual POC, 1 Test",,1,5000,Weight Captured Separately,2.68,2.68,26.26
"HIV 1/2, Stat-Pak HIV, Kit, 20 Tests","HIV 1/2, Stat-Pak HIV, Kit, 20 Tests",,20,9325,3061,27,1.35,493.48
"HIV 1/2, Stat-Pak HIV, Kit, 20 Tests","HIV 1/2, Stat-Pak HIV, Kit, 20 Tests",,20,3711,1341,27,1.35,196.39
"HIV 1/2, OraQuick Advance HIV Rapid Antibody Kit, 100 Tests","HIV 1/2, OraQuick Advance HIV Rapid Antibody Kit, 100 Tests",,100,5,Weight Captured Separately,700,7,6.86
"HIV 1/2, Determine Complete HIV Kit, 100 Tests","HIV 1/2, Determine Complete HIV Kit, 100 Tests",,100,3622,1091,80,0.8,567.93
"Efavirenz/Emtricitabine/Tenofovir Disoproxil Fumarate 600/200/300mg [Atripla], tablets, 30 Tabs","Efavirenz/Emtricitabine/Tenofovir Disoproxil Fumarate 600/200/300mg [Atripla], tablets, 30 Tabs",600/200/300mg,30,2357,See ASN-3853 (ID#:4824),50.4,1.68,232.83
"Nevirapine 200mg, tablets, 60 Tabs","Nevirapine 200mg, tablets, 60 Tabs",200mg,60,7800,See ASN-3561 (ID#:2297),2.9,0.05,44.34
"Stavudine 30mg, capsules, 60 Caps","Stavudine 30mg, capsules, 60 Caps",30mg,60,22428,See ASN-3562 (ID#:960),1.45,0.02,63.74
"HIV 1/2, Uni-Gold HIV Kit, 20 Tests","HIV 1/2, Uni-Gold HIV Kit, 20 Tests",,20,8000,2657,32,1.6,501.76
"HIV 1/2, Determine Complete HIV Kit, 100 Tests","HIV 1/2, Determine Complete HIV Kit, 100 Tests",,100,110,Weight Captured Separately,115,1.15,24.79
"Lamivudine/Zidovudine 150/300mg, tablets, 60 Tabs","Lamivudine/Zidovudine 150/300mg, tablets, 60 Tabs",150/300mg,60,1176,105,8.61,0.14,19.85
"HIV 1/2, Uni-Gold HIV Kit, 20 Tests","HIV 1/2, Uni-Gold HIV Kit, 20 Tests",,20,963,320,32,1.6,60.4
"HIV 1/2, Determine HIV Kit, without Lancets, 100 Tests","HIV 1/2, Determine HIV Kit, without Lancets, 100 Tests",,100,1500,341,70,0.7,205.8
"Stavudine 1mg/ml [Zerit], powder for oral solution, Bottle, 200 ml","Stavudine 1mg/ml [Zerit], powder for oral solution, Bottle, 200 ml",1mg/ml,200,180,Weight Captured Separately,1.17,0.01,0.41
"Lamivudine 150mg, tablets, 60 Tabs","Lamivudine 150mg, tablets, 60 Tabs",150mg,60,6000,Weight Captured Separately,5.42,0.09,63.74
"Stavudine 30mg [Zerit], capsules, 60 Caps","Stavudine 30mg [Zerit], capsules, 60 Caps",30mg,60,3600,Weight Captured Separately,3.86,0.06,27.24
"Zidovudine 300mg, tablets, 60 Tabs","Zidovudine 300mg, tablets, 60 Tabs",300mg,60,5550,Weight Captured Separately,12.27,0.2,133.47
"Stavudine 1mg/ml [Zerit], powder for oral solution, Bottle, 200 ml","Stavudine 1mg/ml [Zerit], powder for oral solution, Bottle, 200 ml",1mg/ml,200,40,Weight Captured Separately,1.21,0.01,0.09
"Stavudine 30mg, capsules, 60 Caps","Stavudine 30mg, capsules, 60 Caps",30mg,60,24150,Weight Captured Separately,2.48,0.04,117.39
"Lamivudine 150mg, tablets, 60 Tabs","Lamivudine 150mg, tablets, 60 Tabs",150mg,60,100,Weight Captured Separately,5.2,0.09,1.02
"Lamivudine 10mg/ml, oral solution, Bottle, 240 ml","Lamivudine 10mg/ml, oral solution, Bottle, 240 ml",10mg/ml,240,1000,Weight Captured Separately,3.55,0.01,6.96
"Didanosine 25mg [Videx], chewable tablets, 60 Tabs","Didanosine 25mg [Videx], chewable tablets, 60 Tabs",25mg,60,10,Weight Captured Separately,9.49,0.16,0.19
"Lamivudine 150mg [Epivir], tablets, 60 Tabs","Lamivudine 150mg [Epivir], tablets, 60 Tabs",150mg,60,2000,See ASN-3760 (ID#:5049),5.23,0.09,20.5
"Zidovudine 10mg/ml [Retrovir], oral solution, Bottle, 200 ml","Zidovudine 10mg/ml [Retrovir], oral solution, Bottle, 200 ml",10mg/ml,200,150,See ASN-3760 (ID#:5049),6.33,0.03,1.86
"Emtricitabine/Tenofovir Disoproxil Fumarate 200/300mg [Truvada], tablets, 30 Tabs","Emtricitabine/Tenofovir Disoproxil Fumarate 200/300mg [Truvada], tablets, 30 Tabs",300/200mg,30,80,Weight Captured Separately,31.78,1.06,4.98
"Stavudine 20mg [Zerit], capsules, 60 Caps","Stavudine 20mg [Zerit], capsules, 60 Caps",20mg,60,300,Weight Captured Separately,4.04,0.07,2.38
"Tenofovir Disoproxil Fumarate 300mg [Viread], tablets, 30 Tabs","Tenofovir Disoproxil Fumarate 300mg [Viread], tablets, 30 Tabs",300mg,30,400,Weight Captured Separately,21.73,0.72,17.04
"Zidovudine 300mg, tablets, 60 Tabs","Zidovudine 300mg, tablets, 60 Tabs",300mg,60,1000,Weight Captured Separately,19.76,0.33,38.73
"Abacavir 300mg, tablets, 60 Tabs","Abacavir 300mg, tablets, 60 Tabs",300mg,60,1000,4436,35.8,0.6,
"Lopinavir/Ritonavir 200/50mg [Aluvia], tablets, 120 Tabs","Lopinavir/Ritonavir 200/50mg [Aluvia], tablets, 120 Tabs",200/50mg,120,1900,Weight Captured Separately,35.98,0.3,133.99
"Lamivudine 150mg, tablets, 60 Tabs","Lamivudine 150mg, tablets, 60 Tabs",150mg,60,3344,Weight Captured Separately,7.08,0.12,46.4
"Lamivudine 150mg [Epivir], tablets, 60 Tabs","Lamivudine 150mg [Epivir], tablets, 60 Tabs",150mg,60,7000,Weight Captured Separately,5.36,0.09,73.54
"Lamivudine 10mg/ml, oral solution, Bottle, 240 ml","Lamivudine 10mg/ml, oral solution, Bottle, 240 ml",10mg/ml,240,1000,Weight Captured Separately,5.65,0.02,11.07
"HIV 1/2, Uni-Gold HIV Kit, 20 Tests","HIV 1/2, Uni-Gold HIV Kit, 20 Tests",,20,2026,675,32,1.6,127.07
"Stavudine 30mg, capsules, 60 Caps","Stavudine 30mg, capsules, 60 Caps",30mg,60,1800,Weight Captured Separately,3.01,0.05,10.62
"Lamivudine 10mg/ml [Epivir], oral solution, Bottle, 240 ml","Lamivudine 10mg/ml [Epivir], oral solution, Bottle, 240 ml",10mg/ml,240,650,Weight Captured Separately,5.56,0.02,7.08
"Saquinavir 200mg [Invirase], capsules, 270 Caps","Saquinavir 200mg [Invirase], capsules, 270 Caps",200mg,270,30,Weight Captured Separately,65.68,0.24,3.86
"HIV 1/2, OraQuick Advance HIV Rapid Antibody Kit, 100 Tests","HIV 1/2, OraQuick Advance HIV Rapid Antibody Kit, 100 Tests",,100,60,144,350,3.5,41.16
"HIV 1/2, Determine Complete HIV Kit, 100 Tests","HIV 1/2, Determine Complete HIV Kit, 100 Tests",,100,7500,2215,80,0.8,1176
"HIV 1/2, Determine Complete HIV Kit, 100 Tests","HIV 1/2, Determine Complete HIV Kit, 100 Tests",,100,6393,1920,80,0.8,1002.42
"Lamivudine/Zidovudine 150/300mg, tablets, 60 Tabs","Lamivudine/Zidovudine 150/300mg, tablets, 60 Tabs",150/300mg,60,38736,3080,9,0.15,683.3
"Efavirenz 600mg, tablets, 30 Tabs","Efavirenz 600mg, tablets, 30 Tabs",600mg,30,22512,1775,6.5,0.22,286.8
"HIV 1/2, Clearview Complete Kit, 25 Tests","HIV 1/2, Clearview Complete Kit, 25 Tests",,25,33,25,75,3,4.85
"HIV 1/2, Clearview Complete Kit, 25 Tests","HIV 1/2, Clearview Complete Kit, 25 Tests",,25,950,760,75,3,139.65
"HIV 1/2, Uni-Gold HIV Kit, 20 Tests","HIV 1/2, Uni-Gold HIV Kit, 20 Tests",,20,138,56,32,1.6,8.66
"Didanosine 25mg [Videx], chewable tablets, 60 Tabs","Didanosine 25mg [Videx], chewable tablets, 60 Tabs",25mg,60,480,Weight Captured Separately,7,0.12,6.59
"HIV 1/2, Determine Complete HIV Kit, 100 Tests","HIV 1/2, Determine Complete HIV Kit, 100 Tests",,100,150,47,72,0.72,21.17
"Zidovudine 300mg [Retrovir], tablets, 60 Tabs","Zidovudine 300mg [Retrovir], tablets, 60 Tabs",300mg,60,550,Weight Captured Separately,15.68,0.26,16.9
"Stavudine 30mg, capsules, 60 Caps","Stavudine 30mg, capsules, 60 Caps",30mg,60,700,Weight Captured Separately,3.51,0.06,4.82
"Zidovudine 10mg/ml, oral solution, Bottle, 240 ml","Zidovudine 10mg/ml, oral solution, Bottle, 240 ml",10mg/ml,240,200,Weight Captured Separately,7.05,0.03,3.04
"Efavirenz 50mg, capsule, 30 Caps","Efavirenz 50mg, capsule, 30 Caps",50mg,30,400,Weight Captured Separately,3.67,0.12,2.88
"HIV 1/2, Determine Complete HIV Kit, 100 Tests","HIV 1/2, Determine Complete HIV Kit, 100 Tests",,100,2500,740,72,0.72,388.08
"HIV 1/2, Uni-Gold HIV Kit, 20 Tests","HIV 1/2, Uni-Gold HIV Kit, 20 Tests",,20,120,41,32,1.6,7.53
"Nelfinavir (as mesilate) 250mg [Viracept], tablets, 270 Tabs","Nelfinavir (as mesilate) 250mg [Viracept], tablets, 270 Tabs",250mg,270,228,60,78.72,0.29,
"Nelfinavir (as mesilate) 250mg [Viracept], tablets, 270 Tabs","Nelfinavir (as mesilate) 250mg [Viracept], tablets, 270 Tabs",250mg,270,764,1669,79.6,0.29,
"Efavirenz 50mg [Stocrin/Sustiva], capsule, 30 Caps","Efavirenz 50mg [Stocrin/Sustiva], capsule, 30 Caps",50mg,30,341,See DN-13 (ID#:10535),3.42,0.11,
"Efavirenz 600mg, tablets, 30 Tabs","Efavirenz 600mg, tablets, 30 Tabs",600mg,30,10403,1717,16.75,0.56,
"Lamivudine/Zidovudine+Nevirapine 150/300+200mg, tablets, co-blister, 60+60 Tabs","Lamivudine/Zidovudine+Nevirapine 150/300+200mg, tablets, co-blister, 60+60 Tabs",150/300+200mg,120,5151,667,20.5,0.17,
"Lamivudine/Zidovudine 150/300mg, tablets, 60 Tabs","Lamivudine/Zidovudine 150/300mg, tablets, 60 Tabs",150/300mg,60,2230,909,10.25,0.17,
"Tenofovir Disoproxil Fumarate 300mg [Viread], tablets, 30 Tabs","Tenofovir Disoproxil Fumarate 300mg [Viread], tablets, 30 Tabs",300mg,30,747,84,17,0.57,
"Efavirenz 600mg, tablets, 30 Tabs","Efavirenz 600mg, tablets, 30 Tabs",600mg,30,1050,90,16.25,0.54,
"Lamivudine 10mg/ml, oral solution, Bottle, 240 ml","Lamivudine 10mg/ml, oral solution, Bottle, 240 ml",10mg/ml,240,1200,1178,2.2,0.01,
"Lamivudine 150mg, tablets, 60 Tabs","Lamivudine 150mg, tablets, 60 Tabs",150mg,60,2170,See DN-27 (ID#:10544),3.1,0.05,
"Nevirapine 10mg/ml, oral suspension, Bottle, 240 ml","Nevirapine 10mg/ml, oral suspension, Bottle, 240 ml",10mg/ml,240,1216,840,3.5,0.01,
"Emtricitabine/Tenofovir Disoproxil Fumarate 200/300mg [Truvada], tablets, 30 Tabs","Emtricitabine/Tenofovir Disoproxil Fumarate 200/300mg [Truvada], tablets, 30 Tabs",300/200mg,30,14851,899,26.25,0.88,
"Lamivudine/Zidovudine+Nevirapine 150/300+200mg, tablets, co-blister, 60+60 Tabs","Lamivudine/Zidovudine+Nevirapine 150/300+200mg, tablets, co-blister, 60+60 Tabs",150/300+200mg,120,5661,725,20.5,0.17,
"Saquinavir 200mg [Invirase], capsules, 270 Caps","Saquinavir 200mg [Invirase], capsules, 270 Caps",200mg,270,470,Weight Captured Separately,76.29,0.28,
"Lamivudine/Zidovudine 150/300mg, tablets, 60 Tabs","Lamivudine/Zidovudine 150/300mg, tablets, 60 Tabs",150/300mg,60,1778,716,10.25,0.17,
"Lamivudine/Nevirapine/Stavudine 150/200/30mg, tablets, 60 Tabs","Lamivudine/Nevirapine/Stavudine 150/200/30mg, tablets, 60 Tabs",150/200/30mg,60,9000,974,7.5,0.12,
"HIV 1/2, Uni-Gold HIV Kit, 20 Tests","HIV 1/2, Uni-Gold HIV Kit, 20 Tests",,20,5212,1780,32,1.6,
"Abacavir 300mg, tablets, 60 Tabs","Abacavir 300mg, tablets, 60 Tabs",300mg,60,8905,3139,35.8,0.6,
"Lopinavir/Ritonavir 200/50mg [Aluvia], tablets, 120 Tabs","Lopinavir/Ritonavir 200/50mg [Aluvia], tablets, 120 Tabs",200/50mg,120,5019,1092,41.1,0.34,330.05
"Indinavir 400mg [Crixivan], capsules, 180 Caps","Indinavir 400mg [Crixivan], capsules, 180 Caps",400mg,180,564,3946,49.32,0.27,
"Saquinavir 200mg [Invirase], capsules, 270 Caps","Saquinavir 200mg [Invirase], capsules, 270 Caps",200mg,270,421,See DN-148 (ID#:10564),76.29,0.28,
"Lamivudine 150mg, tablets, 60 Tabs","Lamivudine 150mg, tablets, 60 Tabs",150mg,60,880,226,3.31,0.06,
"Stavudine 15mg, capsules, 60 Caps","Stavudine 15mg, capsules, 60 Caps",15mg,60,875,58,2.15,0.04,
"Stavudine 40mg, capsules, 60 Caps","Stavudine 40mg, capsules, 60 Caps",40mg,60,300,54,1.79,0.03,0.86
"Efavirenz 600mg, tablets, 30 Tabs","Efavirenz 600mg, tablets, 30 Tabs",600mg,30,6000,553,16.25,0.54,
"Zidovudine 300mg, tablets, 60 Tabs","Zidovudine 300mg, tablets, 60 Tabs",300mg,60,1926,105,8.52,0.14,
"Lamivudine/Nevirapine/Stavudine 150/200/30mg, tablets, 60 Tabs","Lamivudine/Nevirapine/Stavudine 150/200/30mg, tablets, 60 Tabs",150/200/30mg,60,40411,7185,7.5,0.12,484.93
"Nevirapine 200mg, tablets, 60 Tabs","Nevirapine 200mg, tablets, 60 Tabs",200mg,60,8000,1013,3.4,0.06,43.52
"HIV 1/2, Determine Complete HIV Kit, 100 Tests","HIV 1/2, Determine Complete HIV Kit, 100 Tests",,100,2,1,80,0.8,0.26
"Zidovudine 300mg, tablets, 60 Tabs","Zidovudine 300mg, tablets, 60 Tabs",300mg,60,564,34,8.15,0.14,7.35
"Lamivudine/Nevirapine/Stavudine 150/200/30mg, tablets, 60 Tabs","Lamivudine/Nevirapine/Stavudine 150/200/30mg, tablets, 60 Tabs",150/200/30mg,60,8694,819,7.4,0.12,102.94
"HIV 1/2, Determine Complete HIV Kit, 100 Tests","HIV 1/2, Determine Complete HIV Kit, 100 Tests",,100,302,98,80,0.8,38.66
"Lamivudine 150mg, tablets, 60 Tabs","Lamivudine 150mg, tablets, 60 Tabs",150mg,60,3145,206,3.04,0.05,15.3
"Efavirenz 50mg [Stocrin/Sustiva], capsule, 30 Caps","Efavirenz 50mg [Stocrin/Sustiva], capsule, 30 Caps",50mg,30,5000,263,3.47,0.12,27.76
"HIV 1/2, Uni-Gold HIV Kit, 20 Tests","HIV 1/2, Uni-Gold HIV Kit, 20 Tests",,20,300,172,32,1.6,15.36
"Indinavir 400mg [Crixivan], capsules, 180 Caps","Indinavir 400mg [Crixivan], capsules, 180 Caps",400mg,180,1076,1286,50,0.28,86.08
"Abacavir 20mg/ml, oral solution, Bottle, 240 ml","Abacavir 20mg/ml, oral solution, Bottle, 240 ml",20mg/ml,240,338,9006,21.05,0.09,11.38
"Zidovudine 300mg, tablets, 60 Tabs","Zidovudine 300mg, tablets, 60 Tabs",300mg,60,1200,70,8.15,0.14,15.65
"Stavudine 30mg, capsules, 60 Caps","Stavudine 30mg, capsules, 60 Caps",30mg,60,1796,5880,1.52,0.03,4.37
"Lamivudine/Nevirapine/Stavudine 150/200/30mg, tablets, 60 Tabs","Lamivudine/Nevirapine/Stavudine 150/200/30mg, tablets, 60 Tabs",150/200/30mg,60,53546,5467,7.4,0.12,633.98
"Lamivudine/Stavudine 150/30mg, tablets, 30 Tabs","Lamivudine/Stavudine 150/30mg, tablets, 30 Tabs",150/30mg,30,537,143,2,0.07,1.72
"Lamivudine/Nevirapine/Stavudine 150/200/30mg, tablets, 60 Tabs","Lamivudine/Nevirapine/Stavudine 150/200/30mg, tablets, 60 Tabs",150/200/30mg,60,1953,283,7.4,0.12,23.12
"Ritonavir 100mg [Norvir], capsules, cool, 4 x 84 Caps","Ritonavir 100mg [Norvir], capsules, cool, 4 x 84 Caps",100mg,336,245,1468,38.36,0.11,15.04
"Efavirenz 600mg, tablets, 30 Tabs","Efavirenz 600mg, tablets, 30 Tabs",600mg,30,24265,2518,16.26,0.54,631.28
"Zidovudine 10mg/ml, oral solution, Bottle, 240 ml","Zidovudine 10mg/ml, oral solution, Bottle, 240 ml",10mg/ml,240,13850,35216,2.15,0.01,47.64
"Lamivudine/Zidovudine 150/300mg, tablets, 60 Tabs","Lamivudine/Zidovudine 150/300mg, tablets, 60 Tabs",150/300mg,60,11803,1148,10.68,0.18,201.69
"Lopinavir/Ritonavir 200/50mg [Aluvia], tablets, 120 Tabs","Lopinavir/Ritonavir 200/50mg [Aluvia], tablets, 120 Tabs",200/50mg,120,3769,821,41.1,0.34,247.85
"Efavirenz 600mg, tablets, 30 Tabs","Efavirenz 600mg, tablets, 30 Tabs",600mg,30,1860,2425,12.42,0.41,36.96
"HIV 1/2, Determine Complete HIV Kit, 100 Tests","HIV 1/2, Determine Complete HIV Kit, 100 Tests",,100,1128,629,80,0.8,144.38
"Lamivudine/Zidovudine+Nevirapine 150/300+200mg, tablets, co-blister, 60+60 Tabs","Lamivudine/Zidovudine+Nevirapine 150/300+200mg, tablets, co-blister, 60+60 Tabs",150/300+200mg,120,9980,2846,20.5,0.17,327.34
"Lamivudine/Nevirapine/Stavudine 150/200/30mg, tablets, 60 Tabs","Lamivudine/Nevirapine/Stavudine 150/200/30mg, tablets, 60 Tabs",150/200/30mg,60,222,See DN-373 (ID#:10623),7.5,0.12,2.66
"Lamivudine/Nevirapine/Stavudine 150/200/40mg, tablets, 60 Tabs","Lamivudine/Nevirapine/Stavudine 150/200/40mg, tablets, 60 Tabs",150/200/40mg,60,1132,See DN-373 (ID#:10623),7.7,0.13,13.95
"Zidovudine 10mg/ml, oral solution, Bottle, 240 ml","Zidovudine 10mg/ml, oral solution, Bottle, 240 ml",10mg/ml,240,1653,See DN-373 (ID#:10623),3.95,0.02,10.45
"HIV 1/2, Determine Complete HIV Kit, 100 Tests","HIV 1/2, Determine Complete HIV Kit, 100 Tests",,100,1150,476,72,0.72,132.48
"Emtricitabine/Tenofovir Disoproxil Fumarate 200/300mg [Truvada], tablets, 30 Tabs","Emtricitabine/Tenofovir Disoproxil Fumarate 200/300mg [Truvada], tablets, 30 Tabs",300/200mg,30,3360,281,26.25,0.88,141.12
"Stavudine 30mg, capsules, 60 Caps","Stavudine 30mg, capsules, 60 Caps",30mg,60,1500,178,1.52,0.03,3.65
"Lamivudine/Zidovudine 150/300mg, tablets, 60 Tabs","Lamivudine/Zidovudine 150/300mg, tablets, 60 Tabs",150/300mg,60,40245,3254,9.5,0.16,611.72
"Lamivudine/Zidovudine 150/300mg, tablets, 60 Tabs","Lamivudine/Zidovudine 150/300mg, tablets, 60 Tabs",150/300mg,60,10044,7341,9.5,0.16,152.67
"Lamivudine/Nevirapine/Zidovudine 150/200/300mg, tablets, 60 Tabs","Lamivudine/Nevirapine/Zidovudine 150/200/300mg, tablets, 60 Tabs",150/300/200mg,60,7436,962,13.5,0.22,160.62
"Nevirapine 200mg, tablets, 60 Tabs","Nevirapine 200mg, tablets, 60 Tabs",200mg,60,72333,4957,3.4,0.06,393.49
"Stavudine 1mg/ml, powder for oral solution, 200 ml","Stavudine 1mg/ml, powder for oral solution, 200 ml",1mg/ml,200,7294,753,1.4,0.01,16.34
"HIV 1/2, Determine HIV Kit, without Lancets, 100 Tests","HIV 1/2, Determine HIV Kit, without Lancets, 100 Tests",,100,10,6,72,0.72,1.15
"Lamivudine 10mg/ml, oral solution, Bottle, 240 ml","Lamivudine 10mg/ml, oral solution, Bottle, 240 ml",10mg/ml,240,2000,4213,1.97,0.01,6.3
"Lamivudine 150mg, tablets, 60 Tabs","Lamivudine 150mg, tablets, 60 Tabs",150mg,60,5000,See DN-445 (ID#:10640),3.04,0.05,24.32
"Lamivudine/Nevirapine/Zidovudine 150/200/300mg, tablets, 60 Tabs","Lamivudine/Nevirapine/Zidovudine 150/200/300mg, tablets, 60 Tabs",150/300/200mg,60,12984,3286,20.5,0.34,425.88
"Lamivudine/Nevirapine/Stavudine 150/200/30mg, tablets, 60 Tabs","Lamivudine/Nevirapine/Stavudine 150/200/30mg, tablets, 60 Tabs",150/200/30mg,60,14052,1420,7.4,0.12,166.38
"Efavirenz 50mg, capsule, 30 Caps","Efavirenz 50mg, capsule, 30 Caps",50mg,30,3690,226,2.75,0.09,16.24
"Abacavir/Lamivudine/Zidovudine 300/150/300mg [Trizivir], tablets, 60 Tabs","Abacavir/Lamivudine/Zidovudine 300/150/300mg [Trizivir], tablets, 60 Tabs",300/150/300mg,60,1847,271,70,1.17,206.86
"HIV 1/2, Uni-Gold HIV Kit, 20 Tests","HIV 1/2, Uni-Gold HIV Kit, 20 Tests",,20,100,35,32,1.6,5.12
"Stavudine 30mg, capsules, 60 Caps","Stavudine 30mg, capsules, 60 Caps",30mg,60,120,5092,1.52,0.03,0.29
"Efavirenz 600mg, tablets, 30 Tabs","Efavirenz 600mg, tablets, 30 Tabs",600mg,30,1860,4091,12.42,0.41,36.96
"Lamivudine 10mg/ml, oral solution, Bottle, 240 ml","Lamivudine 10mg/ml, oral solution, Bottle, 240 ml",10mg/ml,240,2744,998,2.44,0.01,10.71
"Lamivudine/Stavudine 150/30mg, tablets, 30 Tabs","Lamivudine/Stavudine 150/30mg, tablets, 30 Tabs",150/30mg,30,52240,4230,2,0.07,167.17
"HIV 1/2, Determine HIV Kit, without Lancets, 100 Tests","HIV 1/2, Determine HIV Kit, without Lancets, 100 Tests",,100,2100,498,71.99,0.72,241.89
"Lamivudine/Zidovudine 150/300mg, tablets, 60 Tabs","Lamivudine/Zidovudine 150/300mg, tablets, 60 Tabs",150/300mg,60,367,447,9.5,0.16,5.58
"HIV, Lancet, Safety, for HIV Test kits, 100 Pcs","HIV, Lancet, Safety, for HIV Test kits, 100 Pcs",,100,2093,609,0.01,0,0.03
"Lamivudine/Zidovudine 150/300mg, tablets, 60 Tabs","Lamivudine/Zidovudine 150/300mg, tablets, 60 Tabs",150/300mg,60,9476,1008,9.5,0.16,144.04
"Efavirenz 600mg, tablets, 30 Tabs","Efavirenz 600mg, tablets, 30 Tabs",600mg,30,5670,441,12.42,0.41,112.67
"HIV 2, New LAV Blot 2 HIV Kit, 18 Tests","HIV 2, New LAV Blot 2 HIV Kit, 18 Tests",,18,9,13,308.17,17.12,4.44
"Nevirapine 10mg/ml, oral suspension, Bottle, 240 ml","Nevirapine 10mg/ml, oral suspension, Bottle, 240 ml",10mg/ml,240,475,170,1.92,0.01,1.46
"Efavirenz 600mg, tablets, 30 Tabs","Efavirenz 600mg, tablets, 30 Tabs",600mg,30,44135,3462,12.42,0.41,877.05
"Stavudine 1mg/ml, powder for oral solution, 200 ml","Stavudine 1mg/ml, powder for oral solution, 200 ml",1mg/ml,200,5900,2093,1.4,0.01,13.22
"Emtricitabine/Tenofovir Disoproxil Fumarate 200/300mg [Truvada], tablets, 30 Tabs","Emtricitabine/Tenofovir Disoproxil Fumarate 200/300mg [Truvada], tablets, 30 Tabs",300/200mg,30,656,58,26.25,0.88,27.55
"Lamivudine/Nevirapine/Stavudine 150/200/30mg, tablets, 60 Tabs","Lamivudine/Nevirapine/Stavudine 150/200/30mg, tablets, 60 Tabs",150/200/30mg,60,93,311,7.4,0.12,1.1
"HIV 1/2, Determine HIV Kit, without Lancets, 100 Tests","HIV 1/2, Determine HIV Kit, without Lancets, 100 Tests",,100,4300,1017,71.99,0.72,495.29
"Lamivudine 150mg, tablets, 60 Tabs","Lamivudine 150mg, tablets, 60 Tabs",150mg,60,2106,113,3.04,0.05,10.24
"Lamivudine/Nevirapine/Stavudine 150/200/30mg, tablets, 60 Tabs","Lamivudine/Nevirapine/Stavudine 150/200/30mg, tablets, 60 Tabs",150/200/30mg,60,50000,3679,7.2,0.12,576
"Nevirapine 200mg, tablets, 60 Tabs","Nevirapine 200mg, tablets, 60 Tabs",200mg,60,1300,16709,3.4,0.06,7.07
"HIV 1/2, Determine HIV Kit, without Lancets, 100 Tests","HIV 1/2, Determine HIV Kit, without Lancets, 100 Tests",,100,20,Weight Captured Separately,71.99,0.72,2.3
"Lamivudine/Nevirapine/Zidovudine 150/200/300mg, tablets, 60 Tabs","Lamivudine/Nevirapine/Zidovudine 150/200/300mg, tablets, 60 Tabs",150/300/200mg,60,3226,359,13.28,0.22,68.55
"Efavirenz 600mg, tablets, 30 Tabs","Efavirenz 600mg, tablets, 30 Tabs",600mg,30,24320,2094,12.01,0.4,467.33
"Lamivudine/Zidovudine 150/300mg, tablets, 60 Tabs","Lamivudine/Zidovudine 150/300mg, tablets, 60 Tabs",150/300mg,60,14124,2115,9.45,0.16,213.55
"HIV, Bioline HIV 1/2 3.0 Kit, [DON] 25 Tests","HIV, Bioline HIV 1/2 3.0 Kit, [DON] 25 Tests",,25,3,3,0.01,0,0
"HIV, Bioline HIV 1/2 3.0 Kit, [DON] 25 Tests","HIV, Bioline HIV 1/2 3.0 Kit, [DON] 25 Tests",,25,997,399,0.01,0,0.02
"Lamivudine/Stavudine 150/30mg, tablets, 30 Tabs","Lamivudine/Stavudine 150/30mg, tablets, 30 Tabs",150/30mg,30,1600,96,2,0.07,5.12
"Abacavir 300mg, tablets, 60 Tabs","Abacavir 300mg, tablets, 60 Tabs",300mg,60,374,1118,27.53,0.46,16.47
"Nevirapine 10mg/ml, oral suspension, Bottle, 240 ml","Nevirapine 10mg/ml, oral suspension, Bottle, 240 ml",10mg/ml,240,5056,2166,1.92,0.01,15.53
"Stavudine 30mg, capsules, 60 Caps","Stavudine 30mg, capsules, 60 Caps",30mg,60,4725,1154,1.52,0.03,11.49
"Stavudine 30mg, capsules, 60 Caps","Stavudine 30mg, capsules, 60 Caps",30mg,60,51293,3371,1.52,0.03,124.74
"Efavirenz 600mg, tablets, 30 Tabs","Efavirenz 600mg, tablets, 30 Tabs",600mg,30,11527,1994,12.01,0.4,221.5
"HIV 1/2, Bioline 3.0 Kit, Lancets, Capillary pipets, Alcohol swabs included, 25 Tests","HIV 1/2, Bioline 3.0 Kit, Lancets, Capillary pipets, Alcohol swabs included, 25 Tests",,25,270,97,20,0.8,8.64
"Nevirapine 200mg, tablets, 60 Tabs","Nevirapine 200mg, tablets, 60 Tabs",200mg,60,11760,3820,3.4,0.06,63.97
"Abacavir 20mg/ml, oral solution, Bottle, 240 ml","Abacavir 20mg/ml, oral solution, Bottle, 240 ml",20mg/ml,240,1664,905,16.5,0.07,43.93
"Lamivudine/Stavudine 150/30mg, tablets, 30 Tabs","Lamivudine/Stavudine 150/30mg, tablets, 30 Tabs",150/30mg,30,42768,2493,2,0.07,136.86
"HIV 1/2, Determine HIV Kit, without Lancets, 100 Tests","HIV 1/2, Determine HIV Kit, without Lancets, 100 Tests",,100,10,12,72,0.72,1.15
"HIV 1/2, Determine HIV Kit, without Lancets, 100 Tests","HIV 1/2, Determine HIV Kit, without Lancets, 100 Tests",,100,10,See DN-686 (ID#:10691),72,0.72,1.15
"Efavirenz 600mg, tablets, 30 Tabs","Efavirenz 600mg, tablets, 30 Tabs",600mg,30,2060,196,12.42,0.41,40.94
"HIV 1/2, Uni-Gold HIV Kit, 20 Tests","HIV 1/2, Uni-Gold HIV Kit, 20 Tests",,20,737,231,32,1.6,37.73
"HIV, Lancet, Safety, for HIV Test kits, 100 Pcs","HIV, Lancet, Safety, for HIV Test kits, 100 Pcs",,100,1505,440,0.01,0,0.02
"Abacavir 300mg, tablets, 60 Tabs","Abacavir 300mg, tablets, 60 Tabs",300mg,60,5730,569,27.53,0.46,252.4
"Lamivudine/Stavudine 150/30mg, tablets, 30 Tabs","Lamivudine/Stavudine 150/30mg, tablets, 30 Tabs",150/30mg,30,1600,4252,2,0.07,5.12
"Lamivudine/Nevirapine/Stavudine 150/200/30mg, tablets, 60 Tabs","Lamivudine/Nevirapine/Stavudine 150/200/30mg, tablets, 60 Tabs",150/200/30mg,60,12833,1316,7.4,0.12,151.94
"Lamivudine/Zidovudine 150/300mg, tablets, 60 Tabs","Lamivudine/Zidovudine 150/300mg, tablets, 60 Tabs",150/300mg,60,20284,1897,9.5,0.16,308.32
"Emtricitabine/Tenofovir Disoproxil Fumarate 200/300mg [Truvada], tablets, 30 Tabs","Emtricitabine/Tenofovir Disoproxil Fumarate 200/300mg [Truvada], tablets, 30 Tabs",300/200mg,30,43154,3788,26.25,0.88,1812.47
"Efavirenz 600mg, tablets, 30 Tabs","Efavirenz 600mg, tablets, 30 Tabs",600mg,30,2100,181,12.01,0.4,40.35
"Zidovudine 300mg, tablets, 60 Tabs","Zidovudine 300mg, tablets, 60 Tabs",300mg,60,3150,181,8.15,0.14,41.08
"Lamivudine 150mg, tablets, 60 Tabs","Lamivudine 150mg, tablets, 60 Tabs",150mg,60,10283,519,2.91,0.05,47.88
"Lopinavir/Ritonavir 200/50mg [Aluvia], tablets, 120 Tabs","Lopinavir/Ritonavir 200/50mg [Aluvia], tablets, 120 Tabs",200/50mg,120,389,4639,41.1,0.34,25.58
"Lamivudine/Zidovudine 150/300mg, tablets, 60 Tabs","Lamivudine/Zidovudine 150/300mg, tablets, 60 Tabs",150/300mg,60,40320,3750,9.45,0.16,609.64
"Lamivudine 150mg, tablets, 60 Tabs","Lamivudine 150mg, tablets, 60 Tabs",150mg,60,23230,1156,2.91,0.05,108.16
"Zidovudine 10mg/ml, oral solution, Bottle, 240 ml","Zidovudine 10mg/ml, oral solution, Bottle, 240 ml",10mg/ml,240,1200,448,2.1,0.01,4.94
"Stavudine 30mg, capsules, 60 Caps","Stavudine 30mg, capsules, 60 Caps",30mg,60,858,58,1.55,0.03,2.61
"Lamivudine/Zidovudine 150/300mg, tablets, 60 Tabs","Lamivudine/Zidovudine 150/300mg, tablets, 60 Tabs",150/300mg,60,3505,6556,9.35,0.16,64.23
"Lamivudine/Nevirapine/Stavudine 150/200/30mg, tablets, 60 Tabs","Lamivudine/Nevirapine/Stavudine 150/200/30mg, tablets, 60 Tabs",150/200/30mg,60,125000,9228,7.2,0.12,1764
"Lamivudine/Nevirapine/Stavudine 150/200/30mg, tablets, 60 Tabs","Lamivudine/Nevirapine/Stavudine 150/200/30mg, tablets, 60 Tabs",150/200/30mg,60,32067,2382,7.2,0.12,452.53
"Nevirapine 200mg, tablets, 60 Tabs","Nevirapine 200mg, tablets, 60 Tabs",200mg,60,29011,2717,3.4,0.06,193.33
"Efavirenz 600mg, tablets, 30 Tabs","Efavirenz 600mg, tablets, 30 Tabs",600mg,30,1747,152,11,0.37,37.67
"Nevirapine 200mg, tablets, 60 Tabs","Nevirapine 200mg, tablets, 60 Tabs",200mg,60,7425,404,3.2,0.05,46.57
"HIV 1/2, Bioline 3.0 Kit, Lancets, Capillary pipets, Alcohol swabs included, 25 Tests","HIV 1/2, Bioline 3.0 Kit, Lancets, Capillary pipets, Alcohol swabs included, 25 Tests",,25,307,1368,20,0.8,9.82
"Lamivudine/Nevirapine/Stavudine 150/200/30mg, tablets, 60 Tabs","Lamivudine/Nevirapine/Stavudine 150/200/30mg, tablets, 60 Tabs",150/200/30mg,60,125010,3918,7.2,0.12,1440.12
"Lamivudine/Zidovudine 150/300mg, tablets, 60 Tabs","Lamivudine/Zidovudine 150/300mg, tablets, 60 Tabs",150/300mg,60,45000,3657,9.35,0.16,673.2
"Efavirenz/Emtricitabine/Tenofovir Disoproxil Fumarate 600/200/300mg [Atripla], tablets, 30 Tabs","Efavirenz/Emtricitabine/Tenofovir Disoproxil Fumarate 600/200/300mg [Atripla], tablets, 30 Tabs",600/200/300mg,30,1000,108,50.4,1.68,80.64
"Emtricitabine/Tenofovir Disoproxil Fumarate 200/300mg [Truvada], tablets, 30 Tabs","Emtricitabine/Tenofovir Disoproxil Fumarate 200/300mg [Truvada], tablets, 30 Tabs",300/200mg,30,6000,1566,26.25,0.88,252
"Zidovudine 10mg/ml, oral solution, Bottle, 240 ml","Zidovudine 10mg/ml, oral solution, Bottle, 240 ml",10mg/ml,240,9187,3435,2.1,0.01,30.87
"Lamivudine/Zidovudine 150/300mg, tablets, 60 Tabs","Lamivudine/Zidovudine 150/300mg, tablets, 60 Tabs",150/300mg,60,31000,1787,8.76,0.15,532.26
"Nevirapine 200mg, tablets, 60 Tabs","Nevirapine 200mg, tablets, 60 Tabs",200mg,60,50000,2764,3.4,0.06,333.2
"Nevirapine 200mg, tablets, 60 Tabs","Nevirapine 200mg, tablets, 60 Tabs",200mg,60,2066,451,3.4,0.06,11.24
"Lamivudine/Zidovudine 150/300mg, tablets, 60 Tabs","Lamivudine/Zidovudine 150/300mg, tablets, 60 Tabs",150/300mg,60,1894,See DN-909 (ID#:10727),9.35,0.16,28.33
"Lamivudine/Nevirapine/Stavudine 150/200/30mg, tablets, 60 Tabs","Lamivudine/Nevirapine/Stavudine 150/200/30mg, tablets, 60 Tabs",150/200/30mg,60,2742,204,7.4,0.12,39.77
"Lamivudine/Nevirapine/Zidovudine 150/200/300mg, tablets, 60 Tabs","Lamivudine/Nevirapine/Zidovudine 150/200/300mg, tablets, 60 Tabs",150/300/200mg,60,13100,6036,11.8,0.2,302.98
"Lamivudine 150mg, tablets, 60 Tabs","Lamivudine 150mg, tablets, 60 Tabs",150mg,60,528,4211,2.91,0.05,2.46
"Efavirenz 600mg, tablets, 30 Tabs","Efavirenz 600mg, tablets, 30 Tabs",600mg,30,5000,379,12.01,0.4,96.08
"Lamivudine/Nevirapine/Stavudine 150/200/30mg, tablets, 60 Tabs","Lamivudine/Nevirapine/Stavudine 150/200/30mg, tablets, 60 Tabs",150/200/30mg,60,115130,8693,7.2,0.12,1624.71
"Lamivudine/Zidovudine 150/300mg, tablets, 60 Tabs","Lamivudine/Zidovudine 150/300mg, tablets, 60 Tabs",150/300mg,60,1116,102,9.35,0.16,20.45
"Efavirenz 600mg, tablets, 30 Tabs","Efavirenz 600mg, tablets, 30 Tabs",600mg,30,28926,4593,10.62,0.35,602.1
"Lamivudine/Zidovudine 150/300mg, tablets, 60 Tabs","Lamivudine/Zidovudine 150/300mg, tablets, 60 Tabs",150/300mg,60,46163,4237,9.45,0.16,697.98
"Nevirapine 200mg, tablets, 60 Tabs","Nevirapine 200mg, tablets, 60 Tabs",200mg,60,12040,677,3.2,0.05,61.64
"Emtricitabine/Tenofovir Disoproxil Fumarate 200/300mg [Truvada], tablets, 30 Tabs","Emtricitabine/Tenofovir Disoproxil Fumarate 200/300mg [Truvada], tablets, 30 Tabs",300/200mg,30,4,1,26.25,0.88,0.17
"Lamivudine 150mg, tablets, 60 Tabs","Lamivudine 150mg, tablets, 60 Tabs",150mg,60,1017,892,2.9,0.05,4.72
"Lamivudine/Nevirapine/Stavudine 150/200/30mg, tablets, 60 Tabs","Lamivudine/Nevirapine/Stavudine 150/200/30mg, tablets, 60 Tabs",150/200/30mg,60,5217,563,7.4,0.12,75.67
"Emtricitabine/Tenofovir Disoproxil Fumarate 200/300mg [Truvada], tablets, 30 Tabs","Emtricitabine/Tenofovir Disoproxil Fumarate 200/300mg [Truvada], tablets, 30 Tabs",300/200mg,30,17067,1481,26.25,0.88,878.1
"Lamivudine/Nevirapine/Zidovudine 150/200/300mg, tablets, 60 Tabs","Lamivudine/Nevirapine/Zidovudine 150/200/300mg, tablets, 60 Tabs",150/300/200mg,60,6296,822,11.8,0.2,145.61
"Efavirenz 600mg, tablets, 30 Tabs","Efavirenz 600mg, tablets, 30 Tabs",600mg,30,2003,181,11.72,0.39,46.01
"Lopinavir/Ritonavir 200/50mg [Aluvia], tablets, 120 Tabs","Lopinavir/Ritonavir 200/50mg [Aluvia], tablets, 120 Tabs",200/50mg,120,2034,937,41.1,0.34,163.85
"Efavirenz 600mg, tablets, 30 Tabs","Efavirenz 600mg, tablets, 30 Tabs",600mg,30,50000,3775,12.01,0.4,1176.98
"Lamivudine/Nevirapine/Zidovudine 150/200/300mg, tablets, 60 Tabs","Lamivudine/Nevirapine/Zidovudine 150/200/300mg, tablets, 60 Tabs",150/300/200mg,60,4501,506,11.4,0.19,100.57
"Efavirenz 600mg, tablets, 30 Tabs","Efavirenz 600mg, tablets, 30 Tabs",600mg,30,145000,11186,12.01,0.4,2786.32
"Lamivudine/Zidovudine 150/300mg, tablets, 60 Tabs","Lamivudine/Zidovudine 150/300mg, tablets, 60 Tabs",150/300mg,60,3672,3427,9.35,0.16,54.93
"Lamivudine 150mg, tablets, 60 Tabs","Lamivudine 150mg, tablets, 60 Tabs",150mg,60,486,23,2.9,0.05,2.76
"HIV 1/2, Bioline 3.0 Kit, (no accessories), 30 Tests","HIV 1/2, Bioline 3.0 Kit, (no accessories), 30 Tests",,30,5000,Weight Captured Separately,23.7,0.79,232.26
"Emtricitabine/Tenofovir Disoproxil Fumarate 200/300mg [Truvada], tablets, 30 Tabs","Emtricitabine/Tenofovir Disoproxil Fumarate 200/300mg [Truvada], tablets, 30 Tabs",300/200mg,30,3392,298,26.25,0.88,174.52
"Lamivudine/Nevirapine/Zidovudine 150/200/300mg, tablets, 60 Tabs","Lamivudine/Nevirapine/Zidovudine 150/200/300mg, tablets, 60 Tabs",150/300/200mg,60,30415,3415,11.4,0.19,679.59
"Lamivudine/Nevirapine/Stavudine 150/200/30mg, tablets, 60 Tabs","Lamivudine/Nevirapine/Stavudine 150/200/30mg, tablets, 60 Tabs",150/200/30mg,60,47392,7113,7.2,0.12,668.8
"Emtricitabine/Tenofovir Disoproxil Fumarate 200/300mg [Truvada], tablets, 30 Tabs","Emtricitabine/Tenofovir Disoproxil Fumarate 200/300mg [Truvada], tablets, 30 Tabs",300/200mg,30,2561,235,26.25,0.88,131.76
"Lamivudine/Zidovudine 150/300mg, tablets, 60 Tabs","Lamivudine/Zidovudine 150/300mg, tablets, 60 Tabs",150/300mg,60,3574,14,8.76,0.15,61.36
"Efavirenz 600mg, tablets, 30 Tabs","Efavirenz 600mg, tablets, 30 Tabs",600mg,30,2345,239,6.85,0.23,31.48
"Efavirenz 200mg, capsule, 90 Caps","Efavirenz 200mg, capsule, 90 Caps",200mg,90,523,See DN-1237 (ID#:10767),12.73,0.14,13.05
"Abacavir 300mg, tablets, 60 Tabs","Abacavir 300mg, tablets, 60 Tabs",300mg,60,6133,Weight Captured Separately,0.01,0,0.12
"Nevirapine 200mg, tablets, 60 Tabs","Nevirapine 200mg, tablets, 60 Tabs",200mg,60,5601,545,3,0.05,32.93
"Zidovudine 300mg, tablets, 60 Tabs","Zidovudine 300mg, tablets, 60 Tabs",300mg,60,500,10681,7.71,0.13,7.56
"Nevirapine 10mg/ml, oral suspension, Bottle, 240 ml","Nevirapine 10mg/ml, oral suspension, Bottle, 240 ml",10mg/ml,240,2208,827,1.92,0.01,8.31
"Zidovudine 300mg, tablets, 60 Tabs","Zidovudine 300mg, tablets, 60 Tabs",300mg,60,6000,341,7.71,0.13,90.67
"Efavirenz 600mg, tablets, 30 Tabs","Efavirenz 600mg, tablets, 30 Tabs",600mg,30,30000,3364,9.72,0.32,571.54
"Efavirenz 200mg, capsule, 90 Caps","Efavirenz 200mg, capsule, 90 Caps",200mg,90,1093,133,15.26,0.17,32.69
"Lamivudine/Zidovudine 150/300mg, tablets, 60 Tabs","Lamivudine/Zidovudine 150/300mg, tablets, 60 Tabs",150/300mg,60,10962,2634,8.76,0.15,188.21
"Stavudine 30mg, capsules, 60 Caps","Stavudine 30mg, capsules, 60 Caps",30mg,60,470,31,1.49,0.02,1.37
"Abacavir 300mg, tablets, 60 Tabs","Abacavir 300mg, tablets, 60 Tabs",300mg,60,6930,687,25.45,0.42,345.68
"Lamivudine/Nevirapine/Stavudine 150/200/30mg, tablets, 60 Tabs","Lamivudine/Nevirapine/Stavudine 150/200/30mg, tablets, 60 Tabs",150/200/30mg,60,125000,9290,7.12,0.12,1744.4
"Zidovudine 300mg, tablets, 60 Tabs","Zidovudine 300mg, tablets, 60 Tabs",300mg,60,9700,551,7.71,0.13,146.58
"Abacavir 300mg, tablets, 60 Tabs","Abacavir 300mg, tablets, 60 Tabs",300mg,60,4794,475,25.45,0.42,239.13
"Lamivudine/Zidovudine 150/300mg, tablets, 60 Tabs","Lamivudine/Zidovudine 150/300mg, tablets, 60 Tabs",150/300mg,60,108000,10865,8.76,0.15,1854.32
"Zidovudine 300mg, tablets, 60 Tabs","Zidovudine 300mg, tablets, 60 Tabs",300mg,60,7000,396,7.53,0.13,103.31
"Lamivudine/Zidovudine 150/300mg, tablets, 60 Tabs","Lamivudine/Zidovudine 150/300mg, tablets, 60 Tabs",150/300mg,60,8824,706,8.76,0.15,151.5
"Stavudine 15mg, capsules, 60 Caps","Stavudine 15mg, capsules, 60 Caps",15mg,60,1216,3426,1.5,0.02,3.58
"Nevirapine 200mg, tablets, 60 Tabs","Nevirapine 200mg, tablets, 60 Tabs",200mg,60,98000,9522,3,0.05,576.24
"Zidovudine 10mg/ml, oral solution, Bottle, 240 ml","Zidovudine 10mg/ml, oral solution, Bottle, 240 ml",10mg/ml,240,4315,2520,2.1,0.01,17.76
"Lamivudine 10mg/ml, oral solution, Bottle, 240 ml","Lamivudine 10mg/ml, oral solution, Bottle, 240 ml",10mg/ml,240,2415,See DN-1458 (ID#:10795),1.9,0.01,8.99
"Lamivudine/Nevirapine/Stavudine 150/200/30mg, tablets, 60 Tabs","Lamivudine/Nevirapine/Stavudine 150/200/30mg, tablets, 60 Tabs",150/200/30mg,60,240,23,7,0.12,3.29
"Abacavir 300mg, tablets, 60 Tabs","Abacavir 300mg, tablets, 60 Tabs",300mg,60,6915,1067,25.45,0.42,344.93
"Lamivudine/Nevirapine/Zidovudine 150/200/300mg, tablets, 60 Tabs","Lamivudine/Nevirapine/Zidovudine 150/200/300mg, tablets, 60 Tabs",150/300/200mg,60,14066,1593,11.35,0.19,312.91
"Lamivudine 10mg/ml, oral solution, Bottle, 240 ml","Lamivudine 10mg/ml, oral solution, Bottle, 240 ml",10mg/ml,240,3535,1224,1.9,0.01,14.48
"Stavudine 30mg, capsules, 60 Caps","Stavudine 30mg, capsules, 60 Caps",30mg,60,2430,156,1.46,0.02,7.65
"Saquinavir 200mg [Invirase], capsules, 270 Caps","Saquinavir 200mg [Invirase], capsules, 270 Caps",200mg,270,1042,Weight Captured Separately,79.14,0.29,177.79
"Saquinavir 200mg [Invirase], capsules, 270 Caps","Saquinavir 200mg [Invirase], capsules, 270 Caps",200mg,270,117,155,77.93,0.29,
"Nelfinavir (as mesilate) 250mg [Viracept], tablets, 270 Tabs","Nelfinavir (as mesilate) 250mg [Viracept], tablets, 270 Tabs",250mg,270,400,108,97.3,0.36,
"Ritonavir 100mg [Norvir], capsules, cool, 4 x 84 Caps","Ritonavir 100mg [Norvir], capsules, cool, 4 x 84 Caps",100mg,336,360,630,38.36,0.11,
"HIV 1/2, Uni-Gold HIV Kit, 20 Tests","HIV 1/2, Uni-Gold HIV Kit, 20 Tests",,20,1500,580,32,1.6,
"Abacavir 20mg/ml, oral solution, Bottle, 240 ml","Abacavir 20mg/ml, oral solution, Bottle, 240 ml",20mg/ml,240,474,221,21.5,0.09,
"Efavirenz 200mg [Stocrin/Sustiva], capsule, 90 Caps","Efavirenz 200mg [Stocrin/Sustiva], capsule, 90 Caps",200mg,90,409,45,32.4,0.36,
"Lopinavir/Ritonavir 200/50mg [Aluvia], tablets, 120 Tabs","Lopinavir/Ritonavir 200/50mg [Aluvia], tablets, 120 Tabs",200/50mg,120,250,105,41.1,0.34,
"Lamivudine/Zidovudine 150/300mg, tablets, 60 Tabs","Lamivudine/Zidovudine 150/300mg, tablets, 60 Tabs",150/300mg,60,85158,8169,10.68,0.18,
"HIV 1/2, Bioline 3.0 Kit, Lancets, Capillary pipets, Alcohol swabs included, 25 Tests","HIV 1/2, Bioline 3.0 Kit, Lancets, Capillary pipets, Alcohol swabs included, 25 Tests",,25,8009,Weight Captured Separately,20,0.8,
"Efavirenz 200mg [Stocrin/Sustiva], capsule, 90 Caps","Efavirenz 200mg [Stocrin/Sustiva], capsule, 90 Caps",200mg,90,151,See DN-44 (ID#:10549),32.4,0.36,
"Tenofovir Disoproxil Fumarate 300mg [Viread], tablets, 30 Tabs","Tenofovir Disoproxil Fumarate 300mg [Viread], tablets, 30 Tabs",300mg,30,2997,See DN-44 (ID#:10549),17,0.57,
"Abacavir 20mg/ml, oral solution, Bottle, 240 ml","Abacavir 20mg/ml, oral solution, Bottle, 240 ml",20mg/ml,240,90,120,21.5,0.09,
"Lamivudine/Zidovudine 150/300mg, tablets, 60 Tabs","Lamivudine/Zidovudine 150/300mg, tablets, 60 Tabs",150/300mg,60,6945,650,10.25,0.17,
"Lamivudine 150mg, tablets, 60 Tabs","Lamivudine 150mg, tablets, 60 Tabs",150mg,60,2329,153,3.27,0.05,12.19
"Abacavir 300mg, tablets, 60 Tabs","Abacavir 300mg, tablets, 60 Tabs",300mg,60,6781,675,35.8,0.6,
"HIV 1/2, Determine Complete HIV Kit, 100 Tests","HIV 1/2, Determine Complete HIV Kit, 100 Tests",,100,50,15,80,0.8,
"Abacavir 300mg, tablets, 60 Tabs","Abacavir 300mg, tablets, 60 Tabs",300mg,60,570,See DN-148 (ID#:10564),35.5,0.59,
"Nevirapine 200mg, tablets, 60 Tabs","Nevirapine 200mg, tablets, 60 Tabs",200mg,60,1198,See DN-172 (ID#:10566),3.57,0.06,
"Abacavir 300mg, tablets, 60 Tabs","Abacavir 300mg, tablets, 60 Tabs",300mg,60,268,151,35.8,0.6,
"Lamivudine/Nevirapine/Stavudine 150/200/30mg, tablets, 60 Tabs","Lamivudine/Nevirapine/Stavudine 150/200/30mg, tablets, 60 Tabs",150/200/30mg,60,3386,31,7.5,0.12,
"Lamivudine/Stavudine 150/30mg, tablets, 30 Tabs","Lamivudine/Stavudine 150/30mg, tablets, 30 Tabs",150/30mg,30,54263,See DN-196 (ID#:10573),2,0.07,173.64
"Lamivudine/Nevirapine/Stavudine 150/200/30mg, tablets, 60 Tabs","Lamivudine/Nevirapine/Stavudine 150/200/30mg, tablets, 60 Tabs",150/200/30mg,60,3386,345,7.5,0.12,40.63
"HIV 1/2, Determine Complete HIV Kit, 100 Tests","HIV 1/2, Determine Complete HIV Kit, 100 Tests",,100,150,49,80,0.8,19.2
"HIV 1/2, Uni-Gold HIV Kit, 20 Tests","HIV 1/2, Uni-Gold HIV Kit, 20 Tests",,20,155,55,32,1.6,7.94
"Nevirapine 200mg, tablets, 60 Tabs","Nevirapine 200mg, tablets, 60 Tabs",200mg,60,52865,9182,3.57,0.06,301.96
"HIV 1/2, Uni-Gold HIV Kit, 20 Tests","HIV 1/2, Uni-Gold HIV Kit, 20 Tests",,20,250,78,32,1.6,12.8
"HIV 1/2, Stat-Pak HIV, Kit, 20 Tests","HIV 1/2, Stat-Pak HIV, Kit, 20 Tests",,20,500,115,27,1.35,21.6
"Zidovudine 300mg, tablets, 60 Tabs","Zidovudine 300mg, tablets, 60 Tabs",300mg,60,209,12,8.15,0.14,2.73
"Abacavir 300mg, tablets, 60 Tabs","Abacavir 300mg, tablets, 60 Tabs",300mg,60,1051,373,35.8,0.6,60.2
"Stavudine 1mg/ml, powder for oral solution, 200 ml","Stavudine 1mg/ml, powder for oral solution, 200 ml",1mg/ml,200,165,15,1.45,0.01,0.38
"Stavudine 20mg, capsules, 60 Caps","Stavudine 20mg, capsules, 60 Caps",20mg,60,253,15,1.75,0.03,0.71
"Zidovudine 300mg, tablets, 60 Tabs","Zidovudine 300mg, tablets, 60 Tabs",300mg,60,18290,1114,8.52,0.14,249.33
"Stavudine 30mg, capsules, 60 Caps","Stavudine 30mg, capsules, 60 Caps",30mg,60,3285,See DN-323 (ID#:10588),1.52,0.03,7.99
"Abacavir 300mg, tablets, 60 Tabs","Abacavir 300mg, tablets, 60 Tabs",300mg,60,3896,3369,35.8,0.6,223.16
"HIV 1/2, Bioline 3.0 Kit, Lancets, Capillary pipets, Alcohol swabs included, 25 Tests","HIV 1/2, Bioline 3.0 Kit, Lancets, Capillary pipets, Alcohol swabs included, 25 Tests",,25,8000,2366,20,0.8,256
"Ritonavir 100mg [Norvir], capsules, cool, 4 x 84 Caps","Ritonavir 100mg [Norvir], capsules, cool, 4 x 84 Caps",100mg,336,143,See DN-304 (ID#:10589),38.36,0.11,8.78
"Lamivudine/Nevirapine/Zidovudine 150/200/300mg, tablets, 60 Tabs","Lamivudine/Nevirapine/Zidovudine 150/200/300mg, tablets, 60 Tabs",150/300/200mg,60,17191,See DN-304 (ID#:10589),17.5,0.29,481.35
"Nevirapine 200mg, tablets, 60 Tabs","Nevirapine 200mg, tablets, 60 Tabs",200mg,60,1859,214,3.4,0.06,10.11
"Efavirenz 30mg/ml [Stocrin/Sustiva], oral solution, Bottle, 180 ml","Efavirenz 30mg/ml [Stocrin/Sustiva], oral solution, Bottle, 180 ml",30mg/ml,180,508,See DN-320 (ID#:10593),16.97,0.09,13.79
"Nevirapine 200mg, tablets, 60 Tabs","Nevirapine 200mg, tablets, 60 Tabs",200mg,60,25799,See DN-320 (ID#:10593),3.4,0.06,140.35
"#108853** HIV, Genie II HIV-1/HIV-2 Kit, 40 Tests","#108853** HIV, Genie II HIV-1/HIV-2 Kit, 40 Tests",,40,230,917,76,1.9,27.97
"#108853** HIV, Genie II HIV-1/HIV-2 Kit, 40 Tests","#108853** HIV, Genie II HIV-1/HIV-2 Kit, 40 Tests",,40,615,See DN-356 (ID#:10867),76,1.9,74.78
"Lamivudine/Zidovudine 150/300mg, tablets, 60 Tabs","Lamivudine/Zidovudine 150/300mg, tablets, 60 Tabs",150/300mg,60,10000,See DN-330 (ID#:10612),10.68,0.18,170.88
"Zidovudine 10mg/ml, oral solution, Bottle, 240 ml","Zidovudine 10mg/ml, oral solution, Bottle, 240 ml",10mg/ml,240,13850,See DN-332 (ID#:10613),2.15,0.01,47.64
"Lamivudine 10mg/ml, oral solution, Bottle, 240 ml","Lamivudine 10mg/ml, oral solution, Bottle, 240 ml",10mg/ml,240,15913,See DN-332 (ID#:10613),1.97,0.01,50.16
"Stavudine 30mg, capsules, 60 Caps","Stavudine 30mg, capsules, 60 Caps",30mg,60,14700,See DN-332 (ID#:10613),1.52,0.03,35.75
"Efavirenz 200mg, capsule, 90 Caps","Efavirenz 200mg, capsule, 90 Caps",200mg,90,1064,128,16,0.18,27.24
"#108853** HIV, Genie II HIV-1/HIV-2 Kit, 40 Tests","#108853** HIV, Genie II HIV-1/HIV-2 Kit, 40 Tests",,40,450,497,76,1.9,54.72
"Saquinavir 200mg [Invirase], capsules, 270 Caps","Saquinavir 200mg [Invirase], capsules, 270 Caps",200mg,270,252,1736,78.64,0.29,31.71
"Lopinavir/Ritonavir 200/50mg [Aluvia], tablets, 120 Tabs","Lopinavir/Ritonavir 200/50mg [Aluvia], tablets, 120 Tabs",200/50mg,120,3200,749,41.1,0.34,210.43
"Saquinavir 200mg [Invirase], capsules, 270 Caps","Saquinavir 200mg [Invirase], capsules, 270 Caps",200mg,270,16,295,78.64,0.29,2.01
"Saquinavir 200mg [Invirase], capsules, 270 Caps","Saquinavir 200mg [Invirase], capsules, 270 Caps",200mg,270,526,See DN-349 (ID#:10885),78.64,0.29,66.18
"Abacavir 20mg/ml, oral solution, Bottle, 240 ml","Abacavir 20mg/ml, oral solution, Bottle, 240 ml",20mg/ml,240,1341,395,16.5,0.07,35.4
"Efavirenz 600mg, tablets, 30 Tabs","Efavirenz 600mg, tablets, 30 Tabs",600mg,30,1717,151,12.42,0.41,34.12
"Saquinavir 200mg [Invirase], capsules, 270 Caps","Saquinavir 200mg [Invirase], capsules, 270 Caps",200mg,270,1577,3023,78.64,0.29,198.42
"HIV 1/2, Determine HIV Kit, without Lancets, 100 Tests","HIV 1/2, Determine HIV Kit, without Lancets, 100 Tests",,100,872,See DN-380 (ID#:10622),71.99,0.72,100.44
"Abacavir/Lamivudine/Zidovudine 300/150/300mg [Trizivir], tablets, 60 Tabs","Abacavir/Lamivudine/Zidovudine 300/150/300mg [Trizivir], tablets, 60 Tabs",300/150/300mg,60,821,186,70,1.17,91.95
"Lamivudine 150mg, tablets, 60 Tabs","Lamivudine 150mg, tablets, 60 Tabs",150mg,60,614,See DN-373 (ID#:10623),3.31,0.06,3.25
"Nevirapine 200mg, tablets, 60 Tabs","Nevirapine 200mg, tablets, 60 Tabs",200mg,60,600,See DN-373 (ID#:10623),3.57,0.06,3.43
"Lamivudine 10mg/ml, oral solution, Bottle, 240 ml","Lamivudine 10mg/ml, oral solution, Bottle, 240 ml",10mg/ml,240,390,See DN-373 (ID#:10623),2.59,0.01,1.62
"HIV 1/2, Determine Complete HIV Kit, 100 Tests","HIV 1/2, Determine Complete HIV Kit, 100 Tests",,100,350,See DN-376 (ID#:10628),72,0.72,40.32
"Zidovudine 100mg [Retrovir], capsules, 100 Caps","Zidovudine 100mg [Retrovir], capsules, 100 Caps",100mg,100,2623,159,10.4,0.1,43.65
"Lamivudine 10mg/ml, oral solution, Bottle, 240 ml","Lamivudine 10mg/ml, oral solution, Bottle, 240 ml",10mg/ml,240,5496,6230,1.97,0.01,17.32
"Efavirenz 50mg, capsule, 30 Caps","Efavirenz 50mg, capsule, 30 Caps",50mg,30,100,118,2.24,0.07,0.36
"Stavudine 1mg/ml, powder for oral solution, 200 ml","Stavudine 1mg/ml, powder for oral solution, 200 ml",1mg/ml,200,500,See DN-426 (ID#:10633),1.4,0.01,1.12
"Lamivudine/Stavudine 150/30mg, tablets, 30 Tabs","Lamivudine/Stavudine 150/30mg, tablets, 30 Tabs",150/30mg,30,1,63,2,0.07,0
"Lamivudine/Nevirapine/Zidovudine 150/200/300mg, tablets, 60 Tabs","Lamivudine/Nevirapine/Zidovudine 150/200/300mg, tablets, 60 Tabs",150/300/200mg,60,1650,197,13.5,0.22,35.64
"Efavirenz 600mg, tablets, 30 Tabs","Efavirenz 600mg, tablets, 30 Tabs",600mg,30,44135,3801,12.42,0.41,877.05
"Emtricitabine/Tenofovir Disoproxil Fumarate 200/300mg [Truvada], tablets, 30 Tabs","Emtricitabine/Tenofovir Disoproxil Fumarate 200/300mg [Truvada], tablets, 30 Tabs",300/200mg,30,42,464,26.25,0.88,1.76
"Abacavir 20mg/ml, [DON] oral solution, Bottle, 240 ml","Abacavir 20mg/ml, [DON] oral solution, Bottle, 240 ml",20mg/ml,240,3119,1088,0,0,0
"Efavirenz 200mg, capsule, 90 Caps","Efavirenz 200mg, capsule, 90 Caps",200mg,90,2066,236,16,0.18,52.89
"Stavudine 20mg, capsules, 60 Caps","Stavudine 20mg, capsules, 60 Caps",20mg,60,219,16,1.75,0.03,0.61
"Tenofovir Disoproxil Fumarate 300mg [Viread], tablets, 30 Tabs","Tenofovir Disoproxil Fumarate 300mg [Viread], tablets, 30 Tabs",300mg,30,1184,49,17,0.57,32.2
"Lopinavir/Ritonavir 200/50mg [Aluvia], tablets, 120 Tabs","Lopinavir/Ritonavir 200/50mg [Aluvia], tablets, 120 Tabs",200/50mg,120,479,421,41.1,0.34,31.5
"Zidovudine 10mg/ml, oral solution, Bottle, 240 ml","Zidovudine 10mg/ml, oral solution, Bottle, 240 ml",10mg/ml,240,1926,807,2.15,0.01,6.63
"Efavirenz 600mg, tablets, 30 Tabs","Efavirenz 600mg, tablets, 30 Tabs",600mg,30,627,See DN-488 (ID#:10652),12.42,0.41,12.46
"Lamivudine/Nevirapine/Stavudine 150/200/30mg, tablets, 60 Tabs","Lamivudine/Nevirapine/Stavudine 150/200/30mg, tablets, 60 Tabs",150/200/30mg,60,37240,4080,7.4,0.12,440.92
"Didanosine 200mg, chewable/dispersible tablets, 60 Tabs","Didanosine 200mg, chewable/dispersible tablets, 60 Tabs",200mg,60,100,195,15.5,0.26,2.48
"Abacavir/Lamivudine/Zidovudine 300/150/300mg [Trizivir], tablets, 60 Tabs","Abacavir/Lamivudine/Zidovudine 300/150/300mg [Trizivir], tablets, 60 Tabs",300/150/300mg,60,213,See DN-628 (ID#:10654),70,1.17,23.86
"Indinavir 400mg [Crixivan], capsules, 180 Caps","Indinavir 400mg [Crixivan], capsules, 180 Caps",400mg,180,343,See DN-628 (ID#:10654),50,0.28,27.44
"Efavirenz 200mg [Stocrin/Sustiva], capsule, 90 Caps","Efavirenz 200mg [Stocrin/Sustiva], capsule, 90 Caps",200mg,90,1692,182,16,0.18,43.32
"Efavirenz 600mg, tablets, 30 Tabs","Efavirenz 600mg, tablets, 30 Tabs",600mg,30,50061,3946,19.5,0.65,1561.9
"Tenofovir Disoproxil Fumarate 300mg [Viread], tablets, 30 Tabs","Tenofovir Disoproxil Fumarate 300mg [Viread], tablets, 30 Tabs",300mg,30,591,37,17,0.57,16.08
"Lamivudine 150mg, tablets, 60 Tabs","Lamivudine 150mg, tablets, 60 Tabs",150mg,60,3150,165,3.04,0.05,15.32
"Lamivudine/Stavudine 150/30mg, tablets, 30 Tabs","Lamivudine/Stavudine 150/30mg, tablets, 30 Tabs",150/30mg,30,1600,See DN-479 (ID#:10647),2,0.07,5.12
"Nevirapine 200mg, tablets, 60 Tabs","Nevirapine 200mg, tablets, 60 Tabs",200mg,60,7511,732,3.4,0.06,40.86
"Lamivudine/Zidovudine 150/300mg, tablets, 60 Tabs","Lamivudine/Zidovudine 150/300mg, tablets, 60 Tabs",150/300mg,60,1008,See DN-557 (ID#:10663),9.5,0.16,15.32
"Efavirenz 600mg, tablets, 30 Tabs","Efavirenz 600mg, tablets, 30 Tabs",600mg,30,44135,3483,12.42,0.41,877.05
"Didanosine 100mg, chewable/dispersible tablets, 60 Tabs","Didanosine 100mg, chewable/dispersible tablets, 60 Tabs",100mg,60,2273,2749,7.75,0.13,28.19
"Indinavir 400mg [Crixivan], capsules, 180 Caps","Indinavir 400mg [Crixivan], capsules, 180 Caps",400mg,180,5538,1230,50,0.28,443.04
"Zidovudine 300mg, tablets, 60 Tabs","Zidovudine 300mg, tablets, 60 Tabs",300mg,60,10000,574,8.15,0.14,130.4
"HIV, Lancet, Safety, for HIV Test kits, 100 Pcs","HIV, Lancet, Safety, for HIV Test kits, 100 Pcs",,100,4300,See DN-597 (ID#:10671),0.01,0,0.07
"Lamivudine/Stavudine 150/30mg, tablets, 30 Tabs","Lamivudine/Stavudine 150/30mg, tablets, 30 Tabs",150/30mg,30,1600,2519,2,0.07,5.12
"Lamivudine/Nevirapine/Stavudine 150/200/30mg, tablets, 60 Tabs","Lamivudine/Nevirapine/Stavudine 150/200/30mg, tablets, 60 Tabs",150/200/30mg,60,37240,See DN-709 (ID#:10945),7.4,0.12,440.92
"Lamivudine 150mg, tablets, 60 Tabs","Lamivudine 150mg, tablets, 60 Tabs",150mg,60,11181,566,2.91,0.05,52.06
"Lamivudine/Stavudine 150/30mg, tablets, 30 Tabs","Lamivudine/Stavudine 150/30mg, tablets, 30 Tabs",150/30mg,30,12000,700,2,0.07,38.4
"Lopinavir/Ritonavir 200/50mg [Aluvia], tablets, 120 Tabs","Lopinavir/Ritonavir 200/50mg [Aluvia], tablets, 120 Tabs",200/50mg,120,2580,559,41.1,0.34,169.66
"Nevirapine 200mg, tablets, 60 Tabs","Nevirapine 200mg, tablets, 60 Tabs",200mg,60,50288,See DN-826 (ID#:10674),3.4,0.06,273.57
"Stavudine 20mg, capsules, 60 Caps","Stavudine 20mg, capsules, 60 Caps",20mg,60,1080,4668,1.75,0.03,3.02
"Indinavir 400mg [Crixivan], capsules, 180 Caps","Indinavir 400mg [Crixivan], capsules, 180 Caps",400mg,180,20,1024,50,0.28,1.6
"Lamivudine 150mg, tablets, 60 Tabs","Lamivudine 150mg, tablets, 60 Tabs",150mg,60,7380,See DN-743 (ID#:10683),2.91,0.05,34.36
"Lamivudine/Nevirapine/Stavudine 150/200/30mg, tablets, 60 Tabs","Lamivudine/Nevirapine/Stavudine 150/200/30mg, tablets, 60 Tabs",150/200/30mg,60,73012,14083,7.4,0.12,864.46
"Emtricitabine/Tenofovir Disoproxil Fumarate 200/300mg [Truvada], tablets, 30 Tabs","Emtricitabine/Tenofovir Disoproxil Fumarate 200/300mg [Truvada], tablets, 30 Tabs",300/200mg,30,27156,9344,26.25,0.88,1140.55
"Efavirenz 600mg, tablets, 30 Tabs","Efavirenz 600mg, tablets, 30 Tabs",600mg,30,4332,338,12.42,0.41,86.09
"Lamivudine/Zidovudine 150/300mg, tablets, 60 Tabs","Lamivudine/Zidovudine 150/300mg, tablets, 60 Tabs",150/300mg,60,50000,4657,9.45,0.16,756
"Lamivudine/Stavudine 150/30mg, tablets, 30 Tabs","Lamivudine/Stavudine 150/30mg, tablets, 30 Tabs",150/30mg,30,1600,422,2,0.07,5.12
"Lamivudine/Zidovudine 150/300mg, tablets, 60 Tabs","Lamivudine/Zidovudine 150/300mg, tablets, 60 Tabs",150/300mg,60,51364,5372,9.5,0.16,780.73
"Lamivudine/Nevirapine/Stavudine 150/200/30mg, tablets, 60 Tabs","Lamivudine/Nevirapine/Stavudine 150/200/30mg, tablets, 60 Tabs",150/200/30mg,60,40000,7393,7.2,0.12,460.8
"HIV 1/2, Determine HIV Kit, without Lancets, 100 Tests","HIV 1/2, Determine HIV Kit, without Lancets, 100 Tests",,100,25,See DN-686 (ID#:10691),72,0.72,2.88
"Abacavir 20mg/ml, oral solution, Bottle, 240 ml","Abacavir 20mg/ml, oral solution, Bottle, 240 ml",20mg/ml,240,160,938,16.5,0.07,4.22
"Zidovudine 10mg/ml, oral solution, Bottle, 240 ml","Zidovudine 10mg/ml, oral solution, Bottle, 240 ml",10mg/ml,240,4296,1600,2.1,0.01,14.43
"Emtricitabine/Tenofovir Disoproxil Fumarate 200/300mg [Truvada], tablets, 30 Tabs","Emtricitabine/Tenofovir Disoproxil Fumarate 200/300mg [Truvada], tablets, 30 Tabs",300/200mg,30,15000,1365,26.25,0.88,630
"Nevirapine 200mg, tablets, 60 Tabs","Nevirapine 200mg, tablets, 60 Tabs",200mg,60,1061,106,3.4,0.06,5.77
"HIV, Lancet, Safety, for HIV Test kits, 100 Pcs","HIV, Lancet, Safety, for HIV Test kits, 100 Pcs",,100,240,751,5,0.05,1.92
"Lamivudine/Zidovudine 150/300mg, tablets, 60 Tabs","Lamivudine/Zidovudine 150/300mg, tablets, 60 Tabs",150/300mg,60,760,199,9.45,0.16,11.49
"Stavudine 1mg/ml, powder for oral solution, 200 ml","Stavudine 1mg/ml, powder for oral solution, 200 ml",1mg/ml,200,16,See DN-718 (ID#:10968),1.4,0.01,0.04
"Indinavir 400mg [Crixivan], capsules, 180 Caps","Indinavir 400mg [Crixivan], capsules, 180 Caps",400mg,180,1428,2955,50,0.28,114.24
"Lamivudine/Zidovudine 150/300mg, tablets, 60 Tabs","Lamivudine/Zidovudine 150/300mg, tablets, 60 Tabs",150/300mg,60,65524,14599,9.5,0.16,995.96
"Lamivudine/Nevirapine/Stavudine 150/200/30mg, tablets, 60 Tabs","Lamivudine/Nevirapine/Stavudine 150/200/30mg, tablets, 60 Tabs",150/200/30mg,60,37240,See DN-687 (ID#:10697),7.4,0.12,440.92
"Lopinavir/Ritonavir 200/50mg [Aluvia], tablets, 120 Tabs","Lopinavir/Ritonavir 200/50mg [Aluvia], tablets, 120 Tabs",200/50mg,120,150,34,82.2,0.68,19.73
"HIV 1/2, Determine HIV Kit, without Lancets, 100 Tests","HIV 1/2, Determine HIV Kit, without Lancets, 100 Tests",,100,30,7,72,0.72,3.46
"Emtricitabine/Tenofovir Disoproxil Fumarate 200/300mg [Truvada], tablets, 30 Tabs","Emtricitabine/Tenofovir Disoproxil Fumarate 200/300mg [Truvada], tablets, 30 Tabs",300/200mg,30,40000,3512,26.25,0.88,1680
"Lamivudine/Nevirapine/Stavudine 150/200/30mg, tablets, 60 Tabs","Lamivudine/Nevirapine/Stavudine 150/200/30mg, tablets, 60 Tabs",150/200/30mg,60,66268,6606,7.4,0.12,784.61
"Lamivudine/Stavudine 150/30mg, tablets, 30 Tabs","Lamivudine/Stavudine 150/30mg, tablets, 30 Tabs",150/30mg,30,8000,See DN-813 (ID#:10979),2,0.07,25.6
"Lamivudine/Nevirapine/Stavudine 150/200/30mg, tablets, 60 Tabs","Lamivudine/Nevirapine/Stavudine 150/200/30mg, tablets, 60 Tabs",150/200/30mg,60,38975,13123,7.2,0.12,448.99
"Didanosine 100mg, chewable/dispersible tablets, 60 Tabs","Didanosine 100mg, chewable/dispersible tablets, 60 Tabs",100mg,60,11640,16778,7.75,0.13,144.34
"Nevirapine 200mg, tablets, 60 Tabs","Nevirapine 200mg, tablets, 60 Tabs",200mg,60,20186,4218,3.2,0.05,103.35
"Lamivudine/Zidovudine 150/300mg, tablets, 60 Tabs","Lamivudine/Zidovudine 150/300mg, tablets, 60 Tabs",150/300mg,60,15048,1448,9.35,0.16,275.77
"Lamivudine/Zidovudine 150/300mg, tablets, 60 Tabs","Lamivudine/Zidovudine 150/300mg, tablets, 60 Tabs",150/300mg,60,720,66,9.35,0.16,13.19
"Lamivudine/Nevirapine/Stavudine 150/200/30mg, tablets, 60 Tabs","Lamivudine/Nevirapine/Stavudine 150/200/30mg, tablets, 60 Tabs",150/200/30mg,60,90323,9635,7.4,0.12,1069.42
"HIV, Lancet, Safety, for HIV Test kits, 100 Pcs","HIV, Lancet, Safety, for HIV Test kits, 100 Pcs",,100,5000,Weight Captured Separately,0.01,0,0.1
"Nevirapine 200mg, tablets, 60 Tabs","Nevirapine 200mg, tablets, 60 Tabs",200mg,60,44432,2503,3.4,0.06,296.09
"Nevirapine 200mg, tablets, 60 Tabs","Nevirapine 200mg, tablets, 60 Tabs",200mg,60,35400,1987,3.4,0.06,192.58
"Emtricitabine/Tenofovir Disoproxil Fumarate 200/300mg [Truvada], tablets, 30 Tabs","Emtricitabine/Tenofovir Disoproxil Fumarate 200/300mg [Truvada], tablets, 30 Tabs",300/200mg,30,10000,878,26.25,0.88,514.5
"Lamivudine/Stavudine 150/30mg, tablets, 60 Tabs","Lamivudine/Stavudine 150/30mg, tablets, 60 Tabs",150/30mg,60,32017,2353,3.9,0.06,199.79
"Zidovudine 10mg/ml, oral solution, Bottle, 240 ml","Zidovudine 10mg/ml, oral solution, Bottle, 240 ml",10mg/ml,240,3200,1120,2.1,0.01,13.17
"Nevirapine 200mg, tablets, 60 Tabs","Nevirapine 200mg, tablets, 60 Tabs",200mg,60,21225,2521,3.4,0.06,141.44
"Lamivudine/Nevirapine/Zidovudine 150/200/300mg, tablets, 60 Tabs","Lamivudine/Nevirapine/Zidovudine 150/200/300mg, tablets, 60 Tabs",150/300/200mg,60,20000,2283,11.8,0.2,462.56
"Lamivudine/Nevirapine/Stavudine 150/200/30mg, tablets, 60 Tabs","Lamivudine/Nevirapine/Stavudine 150/200/30mg, tablets, 60 Tabs",150/200/30mg,60,76000,8912,7.4,0.12,1102.3
"Efavirenz 600mg, tablets, 30 Tabs","Efavirenz 600mg, tablets, 30 Tabs",600mg,30,50000,3880,12.01,0.4,960.8
"Lamivudine/Nevirapine/Stavudine 150/200/30mg, tablets, 60 Tabs","Lamivudine/Nevirapine/Stavudine 150/200/30mg, tablets, 60 Tabs",150/200/30mg,60,80000,11515,7.2,0.12,921.6
"Lamivudine/Nevirapine/Stavudine 150/200/30mg, tablets, 60 Tabs","Lamivudine/Nevirapine/Stavudine 150/200/30mg, tablets, 60 Tabs",150/200/30mg,60,123317,13253,7.4,0.12,1460.07
"Lamivudine/Nevirapine/Zidovudine 150/200/300mg, tablets, 60 Tabs","Lamivudine/Nevirapine/Zidovudine 150/200/300mg, tablets, 60 Tabs",150/300/200mg,60,1893,215,11.8,0.2,43.78
"Lopinavir/Ritonavir 200/50mg [Aluvia], tablets, 120 Tabs","Lopinavir/Ritonavir 200/50mg [Aluvia], tablets, 120 Tabs",200/50mg,120,42,123,41.1,0.34,3.38
"Efavirenz 30mg/ml [Stocrin/Sustiva], oral solution, Bottle, 180 ml","Efavirenz 30mg/ml [Stocrin/Sustiva], oral solution, Bottle, 180 ml",30mg/ml,180,3271,933,16.96,0.09,108.73
"Efavirenz 30mg/ml [Stocrin/Sustiva], oral solution, Bottle, 180 ml","Efavirenz 30mg/ml [Stocrin/Sustiva], oral solution, Bottle, 180 ml",30mg/ml,180,325,2085,16.96,0.09,10.8
"Indinavir 400mg [Crixivan], capsules, 180 Caps","Indinavir 400mg [Crixivan], capsules, 180 Caps",400mg,180,56,See DN-1100 (ID#:11005),50,0.28,5.49
"Nevirapine 10mg/ml, oral suspension, Bottle, 240 ml","Nevirapine 10mg/ml, oral suspension, Bottle, 240 ml",10mg/ml,240,5216,See DN-1100 (ID#:11005),1.92,0.01,19.63
"Lamivudine/Nevirapine/Stavudine 150/200/30mg, tablets, 60 Tabs","Lamivudine/Nevirapine/Stavudine 150/200/30mg, tablets, 60 Tabs",150/200/30mg,60,76000,8848,7.4,0.12,1102.3
"Lopinavir/Ritonavir 80/20mg/ml [Kaletra], oral solution, cool, Bottle 5 x 60 ml","Lopinavir/Ritonavir 80/20mg/ml [Kaletra], oral solution, cool, Bottle 5 x 60 ml",80/20mg/ml,300,40,52,41.1,0.14,3.22
"Lamivudine/Zidovudine 150/300mg, tablets, 60 Tabs","Lamivudine/Zidovudine 150/300mg, tablets, 60 Tabs",150/300mg,60,23524,3155,8.76,0.15,403.9
"Ritonavir 100mg [Norvir], capsules, cool, 4 x 84 Caps","Ritonavir 100mg [Norvir], capsules, cool, 4 x 84 Caps",100mg,336,2,See DN-917 (ID#:10745),38.36,0.11,0.12
"Stavudine 15mg, capsules, 60 Caps","Stavudine 15mg, capsules, 60 Caps",15mg,60,1000,10435,1.5,0.02,2.94
"Efavirenz 600mg, tablets, 30 Tabs","Efavirenz 600mg, tablets, 30 Tabs",600mg,30,5000,4247,12.01,0.4,96.08
"Efavirenz 200mg, capsule, 90 Caps","Efavirenz 200mg, capsule, 90 Caps",200mg,90,1000,See DN-944 (ID#:11012),15.26,0.17,29.91
"Emtricitabine/Tenofovir Disoproxil Fumarate 200/300mg [Truvada], tablets, 30 Tabs","Emtricitabine/Tenofovir Disoproxil Fumarate 200/300mg [Truvada], tablets, 30 Tabs",300/200mg,30,12304,5197,26.25,0.88,633.04
"Emtricitabine/Tenofovir Disoproxil Fumarate 200/300mg [Truvada], tablets, 30 Tabs","Emtricitabine/Tenofovir Disoproxil Fumarate 200/300mg [Truvada], tablets, 30 Tabs",300/200mg,30,139,192,26.25,0.88,7.15
"Lamivudine 150mg, tablets, 60 Tabs","Lamivudine 150mg, tablets, 60 Tabs",150mg,60,500,26,2.9,0.05,2.84
"Efavirenz 600mg, tablets, 30 Tabs","Efavirenz 600mg, tablets, 30 Tabs",600mg,30,8192,9516,11,0.37,144.18
"Tenofovir Disoproxil Fumarate 300mg [Viread], tablets, 30 Tabs","Tenofovir Disoproxil Fumarate 300mg [Viread], tablets, 30 Tabs",300mg,30,3068,2002,17,0.57,102.23
"Lamivudine 150mg, tablets, 60 Tabs","Lamivudine 150mg, tablets, 60 Tabs",150mg,60,8100,404,2.91,0.05,46.2
"Efavirenz 600mg, tablets, 30 Tabs","Efavirenz 600mg, tablets, 30 Tabs",600mg,30,50000,3842,12.01,0.4,960.8
"Lamivudine/Zidovudine 150/300mg, tablets, 60 Tabs","Lamivudine/Zidovudine 150/300mg, tablets, 60 Tabs",150/300mg,60,32256,5589,9.35,0.16,591.12
"Emtricitabine/Tenofovir Disoproxil Fumarate 200/300mg [Truvada], tablets, 30 Tabs","Emtricitabine/Tenofovir Disoproxil Fumarate 200/300mg [Truvada], tablets, 30 Tabs",300/200mg,30,2871,249,26.25,0.88,147.71
"Lamivudine/Nevirapine/Zidovudine 150/200/300mg, tablets, 60 Tabs","Lamivudine/Nevirapine/Zidovudine 150/200/300mg, tablets, 60 Tabs",150/300/200mg,60,5426,610,11.4,0.19,121.24
"Lamivudine/Nevirapine/Zidovudine 150/200/300mg, tablets, 60 Tabs","Lamivudine/Nevirapine/Zidovudine 150/200/300mg, tablets, 60 Tabs",150/300/200mg,60,49385,5553,11.4,0.19,1103.46
"Lopinavir/Ritonavir 200/50mg [Aluvia], tablets, 120 Tabs","Lopinavir/Ritonavir 200/50mg [Aluvia], tablets, 120 Tabs",200/50mg,120,12480,2803,41.1,0.34,1005.34
"Ritonavir 100mg [Norvir], capsules, cool, 4 x 84 Caps","Ritonavir 100mg [Norvir], capsules, cool, 4 x 84 Caps",100mg,336,4660,Weight Captured Separately,6.73,0.02,61.47
"Efavirenz 200mg, capsule, 90 Caps","Efavirenz 200mg, capsule, 90 Caps",200mg,90,210,26,16,0.18,5.38
"Lopinavir/Ritonavir 80/20mg/ml [Kaletra], oral solution, cool, Bottle 5 x 60 ml","Lopinavir/Ritonavir 80/20mg/ml [Kaletra], oral solution, cool, Bottle 5 x 60 ml",80/20mg/ml,300,365,Weight Captured Separately,41.1,0.14,29.4
"Efavirenz 600mg, tablets, 30 Tabs","Efavirenz 600mg, tablets, 30 Tabs",600mg,30,4000,8523,12.01,0.4,94.16
"Nevirapine 200mg, tablets, 60 Tabs","Nevirapine 200mg, tablets, 60 Tabs",200mg,60,7350,404,3,0.05,43.22
"Emtricitabine/Tenofovir Disoproxil Fumarate 200/300mg [Truvada], tablets, 30 Tabs","Emtricitabine/Tenofovir Disoproxil Fumarate 200/300mg [Truvada], tablets, 30 Tabs",300/200mg,30,37440,5712,26.25,0.88,1926.29
"HIV 1/2, Determine Complete HIV Kit, 100 Tests","HIV 1/2, Determine Complete HIV Kit, 100 Tests",,100,15000,See DN-1189 (ID#:10759),80,0.8,2352
"Lamivudine/Nevirapine/Zidovudine 150/200/300mg, tablets, 60 Tabs","Lamivudine/Nevirapine/Zidovudine 150/200/300mg, tablets, 60 Tabs",150/300/200mg,60,69491,7798,11.4,0.19,1552.71
"Zidovudine 300mg, tablets, 60 Tabs","Zidovudine 300mg, tablets, 60 Tabs",300mg,60,489,28,7.71,0.13,7.39
"Lamivudine 150mg, tablets, 60 Tabs","Lamivudine 150mg, tablets, 60 Tabs",150mg,60,431,377,2.9,0.05,2
"Emtricitabine/Tenofovir Disoproxil Fumarate 200/300mg [Truvada], tablets, 30 Tabs","Emtricitabine/Tenofovir Disoproxil Fumarate 200/300mg [Truvada], tablets, 30 Tabs",300/200mg,30,260,28,26.25,0.88,13.38
"Lamivudine 150mg, tablets, 60 Tabs","Lamivudine 150mg, tablets, 60 Tabs",150mg,60,90,5,2.44,0.04,0.43
"Lopinavir/Ritonavir 200/50mg [Aluvia], tablets, 120 Tabs","Lopinavir/Ritonavir 200/50mg [Aluvia], tablets, 120 Tabs",200/50mg,120,100,23,41.1,0.34,8.06
"Lamivudine 150mg, tablets, 60 Tabs","Lamivudine 150mg, tablets, 60 Tabs",150mg,60,2106,3545,2.44,0.04,10.07
"Stavudine 15mg, capsules, 60 Caps","Stavudine 15mg, capsules, 60 Caps",15mg,60,150,See DN-1235 (ID#:10769),0.01,0,0
"Tenofovir Disoproxil Fumarate 300mg, tablets, 30 Tabs","Tenofovir Disoproxil Fumarate 300mg, tablets, 30 Tabs",300mg,30,1250,1787,9,0.3,22.05
"Efavirenz 600mg, tablets, 30 Tabs","Efavirenz 600mg, tablets, 30 Tabs",600mg,30,100000,7735,11,0.37,2156
"Lamivudine/Nevirapine/Stavudine 150/200/30mg, tablets, 60 Tabs","Lamivudine/Nevirapine/Stavudine 150/200/30mg, tablets, 60 Tabs",150/200/30mg,60,5512,1165,7.12,0.12,76.92
"Lamivudine/Zidovudine 150/300mg, tablets, 60 Tabs","Lamivudine/Zidovudine 150/300mg, tablets, 60 Tabs",150/300mg,60,264,27,8.76,0.15,4.53
"Zidovudine 300mg, tablets, 60 Tabs","Zidovudine 300mg, tablets, 60 Tabs",300mg,60,105,6,7.71,0.13,1.59
"Lamivudine/Nevirapine/Stavudine 150/200/30mg, tablets, 60 Tabs","Lamivudine/Nevirapine/Stavudine 150/200/30mg, tablets, 60 Tabs",150/200/30mg,60,21765,1984,7.12,0.12,303.73
"Lamivudine/Nevirapine/Zidovudine 150/200/300mg, tablets, 60 Tabs","Lamivudine/Nevirapine/Zidovudine 150/200/300mg, tablets, 60 Tabs",150/300/200mg,60,11216,1894,11.35,0.19,249.51
"Lamivudine/Nevirapine/Zidovudine 150/200/300mg, tablets, 60 Tabs","Lamivudine/Nevirapine/Zidovudine 150/200/300mg, tablets, 60 Tabs",150/300/200mg,60,3994,452,11.4,0.19,89.24
"Efavirenz 200mg, capsule, 90 Caps","Efavirenz 200mg, capsule, 90 Caps",200mg,90,3000,See DN-1296 (ID#:10779),15.26,0.17,89.73
"Zidovudine 300mg, tablets, 60 Tabs","Zidovudine 300mg, tablets, 60 Tabs",300mg,60,810,47,7.71,0.13,12.24
"Lamivudine/Stavudine 150/30mg, tablets, 60 Tabs","Lamivudine/Stavudine 150/30mg, tablets, 60 Tabs",150/30mg,60,10480,786,3.8,0.06,78.06
"Efavirenz 600mg, tablets, 30 Tabs","Efavirenz 600mg, tablets, 30 Tabs",600mg,30,37059,2876,11,0.37,798.99
"Efavirenz 50mg, capsule, 30 Caps","Efavirenz 50mg, capsule, 30 Caps",50mg,30,1092,1585,2.24,0.07,4.79
"Nevirapine 10mg/ml, oral suspension, Bottle, 240 ml","Nevirapine 10mg/ml, oral suspension, Bottle, 240 ml",10mg/ml,240,2304,See DN-1373 (ID#:11062),1.92,0.01,8.67
"Stavudine 20mg, capsules, 60 Caps","Stavudine 20mg, capsules, 60 Caps",20mg,60,2052,See DN-1401 (ID#:10793),1.75,0.03,7.04
"Zidovudine 300mg, tablets, 60 Tabs","Zidovudine 300mg, tablets, 60 Tabs",300mg,60,192,11,7.53,0.13,2.83
"Efavirenz 600mg, tablets, 30 Tabs","Efavirenz 600mg, tablets, 30 Tabs",600mg,30,3740,322,7.07,0.24,51.83
"Nevirapine 200mg, tablets, 60 Tabs","Nevirapine 200mg, tablets, 60 Tabs",200mg,60,8732,485,2.9,0.05,49.63
"Emtricitabine/Tenofovir Disoproxil Fumarate 200/300mg, tablets, 30 Tabs","Emtricitabine/Tenofovir Disoproxil Fumarate 200/300mg, tablets, 30 Tabs",200/300mg,30,441,36,11.75,0.39,10.16
"Emtricitabine/Tenofovir Disoproxil Fumarate 200/300mg, tablets, 30 Tabs","Emtricitabine/Tenofovir Disoproxil Fumarate 200/300mg, tablets, 30 Tabs",200/300mg,30,576,47,11.75,0.39,13.27
"Saquinavir 200mg [Invirase], capsules, 270 Caps","Saquinavir 200mg [Invirase], capsules, 270 Caps",200mg,270,200,Weight Captured Separately,0.01,0,0
"Abacavir 300mg, tablets, 60 Tabs","Abacavir 300mg, tablets, 60 Tabs",300mg,60,100,Weight Captured Separately,0.01,0,0
"Lamivudine/Zidovudine 150/300mg, tablets, 60 Tabs","Lamivudine/Zidovudine 150/300mg, tablets, 60 Tabs",150/300mg,60,42,Weight Captured Separately,0.01,0,0
"Efavirenz 600mg, tablets, 30 Tabs","Efavirenz 600mg, tablets, 30 Tabs",600mg,30,34036,2901,5.78,0.19,424.15
"Lamivudine/Stavudine 150/30mg, tablets, 60 Tabs","Lamivudine/Stavudine 150/30mg, tablets, 60 Tabs",150/30mg,60,2510,190,3.9,0.06,21.11
"Lamivudine/Nevirapine/Zidovudine 150/200/300mg, tablets, 60 Tabs","Lamivudine/Nevirapine/Zidovudine 150/200/300mg, tablets, 60 Tabs",150/300/200mg,60,3,1,11.4,0.19,0.07
"Nevirapine 200mg, tablets, 60 Tabs","Nevirapine 200mg, tablets, 60 Tabs",200mg,60,1788,205,3.2,0.05,12.34
"Emtricitabine/Tenofovir Disoproxil Fumarate 200/300mg, tablets, 30 Tabs","Emtricitabine/Tenofovir Disoproxil Fumarate 200/300mg, tablets, 30 Tabs",200/300mg,30,5,1,11.75,0.39,0.13
"Efavirenz 600mg, tablets, 30 Tabs","Efavirenz 600mg, tablets, 30 Tabs",600mg,30,4350,See DN-16 (ID#:10540),16.25,0.54,
"Efavirenz 600mg, tablets, 30 Tabs","Efavirenz 600mg, tablets, 30 Tabs",600mg,30,3024,275,16.25,0.54,
"Lamivudine/Zidovudine+Abacavir 150/300+300mg, tablets, co-blister, 60+60 Tabs","Lamivudine/Zidovudine+Abacavir 150/300+300mg, tablets, co-blister, 60+60 Tabs",150/300+300mg,120,1217,See DN-17 (ID#:10541),57.05,0.48,
"Lamivudine/Zidovudine 150/300mg, tablets, 60 Tabs","Lamivudine/Zidovudine 150/300mg, tablets, 60 Tabs",150/300mg,60,6156,See DN-17 (ID#:10541),11.14,0.19,
"Tenofovir Disoproxil Fumarate 300mg [Viread], tablets, 30 Tabs","Tenofovir Disoproxil Fumarate 300mg [Viread], tablets, 30 Tabs",300mg,30,528,368,17,0.57,
"Saquinavir 200mg [Invirase], capsules, 270 Caps","Saquinavir 200mg [Invirase], capsules, 270 Caps",200mg,270,482,See DN-30 (ID#:11091),78,0.29,
"HIV 1/2, Capillus HIV Kit, 100 Tests","HIV 1/2, Capillus HIV Kit, 100 Tests",,100,60,353,139,1.39,
"HIV 1/2, Determine Complete HIV Kit, 100 Tests","HIV 1/2, Determine Complete HIV Kit, 100 Tests",,100,100,32,80,0.8,
"Stavudine 30mg, capsules, 60 Caps","Stavudine 30mg, capsules, 60 Caps",30mg,60,1260,988,1.6,0.03,
"Lopinavir/Ritonavir 200/50mg [Aluvia], tablets, 120 Tabs","Lopinavir/Ritonavir 200/50mg [Aluvia], tablets, 120 Tabs",200/50mg,120,400,87,41.1,0.34,
"Efavirenz 600mg, tablets, 30 Tabs","Efavirenz 600mg, tablets, 30 Tabs",600mg,30,50112,See DN-122 (ID#:11100),16.26,0.54,
"Efavirenz 600mg, tablets, 30 Tabs","Efavirenz 600mg, tablets, 30 Tabs",600mg,30,10000,901,16.25,0.54,
"Lamivudine/Zidovudine+Nevirapine 150/300+200mg, tablets, co-blister, 60+60 Tabs","Lamivudine/Zidovudine+Nevirapine 150/300+200mg, tablets, co-blister, 60+60 Tabs",150/300+200mg,120,5709,1238,20.5,0.17,
"Efavirenz 600mg, tablets, 30 Tabs","Efavirenz 600mg, tablets, 30 Tabs",600mg,30,25003,2177,16.75,0.56,
"Abacavir 20mg/ml, oral solution, Bottle, 240 ml","Abacavir 20mg/ml, oral solution, Bottle, 240 ml",20mg/ml,240,460,See DN-44 (ID#:10549),21.05,0.09,
"HIV 1/2, OraQuick Advance HIV Rapid Antibody Kit, 100 Tests","HIV 1/2, OraQuick Advance HIV Rapid Antibody Kit, 100 Tests",,100,30,72,400,4,
"Lamivudine/Zidovudine 150/300mg, tablets, 60 Tabs","Lamivudine/Zidovudine 150/300mg, tablets, 60 Tabs",150/300mg,60,10000,980,10.25,0.17,
"Lamivudine/Zidovudine 150/300mg, tablets, 60 Tabs","Lamivudine/Zidovudine 150/300mg, tablets, 60 Tabs",150/300mg,60,50549,4680,10.25,0.17,
"Abacavir 300mg, tablets, 60 Tabs","Abacavir 300mg, tablets, 60 Tabs",300mg,60,4444,633,35.8,0.6,
"Lopinavir/Ritonavir 200/50mg [Aluvia], tablets, 120 Tabs","Lopinavir/Ritonavir 200/50mg [Aluvia], tablets, 120 Tabs",200/50mg,120,4000,1015,41.1,0.34,263.04
"Abacavir 300mg, tablets, 60 Tabs","Abacavir 300mg, tablets, 60 Tabs",300mg,60,2000,See DN-194 (ID#:11117),35.8,0.6,114.56
"Indinavir 400mg [Crixivan], capsules, 180 Caps","Indinavir 400mg [Crixivan], capsules, 180 Caps",400mg,180,4402,994,50,0.28,
"Efavirenz 50mg, capsule, 30 Caps","Efavirenz 50mg, capsule, 30 Caps",50mg,30,4515,259,2.24,0.07,16.18
"Lamivudine/Zidovudine 150/300mg, tablets, 60 Tabs","Lamivudine/Zidovudine 150/300mg, tablets, 60 Tabs",150/300mg,60,66370,6243,10.25,0.17,1088.47
"Abacavir 300mg, tablets, 60 Tabs","Abacavir 300mg, tablets, 60 Tabs",300mg,60,1200,See DN-146 (ID#:10834),35.8,0.6,
"Stavudine 30mg, capsules, 60 Caps","Stavudine 30mg, capsules, 60 Caps",30mg,60,700,See DN-190 (ID#:10570),1.52,0.03,1.7
"Abacavir 20mg/ml, oral solution, Bottle, 240 ml","Abacavir 20mg/ml, oral solution, Bottle, 240 ml",20mg/ml,240,397,141,21.05,0.09,13.37
"Lamivudine/Nevirapine/Stavudine 150/200/30mg, tablets, 60 Tabs","Lamivudine/Nevirapine/Stavudine 150/200/30mg, tablets, 60 Tabs",150/200/30mg,60,1319,1656,7.5,0.12,15.83
"Lamivudine/Nevirapine/Stavudine 150/200/40mg, tablets, 60 Tabs","Lamivudine/Nevirapine/Stavudine 150/200/40mg, tablets, 60 Tabs",150/200/40mg,60,1018,See DN-209 (ID#:11136),7.7,0.13,12.54
"Lopinavir/Ritonavir 200/50mg [Aluvia], tablets, 120 Tabs","Lopinavir/Ritonavir 200/50mg [Aluvia], tablets, 120 Tabs",200/50mg,120,3000,1422,41.1,0.34,197.28
"Ritonavir 100mg [Norvir], capsules, cool, 4 x 84 Caps","Ritonavir 100mg [Norvir], capsules, cool, 4 x 84 Caps",100mg,336,157,547,38.36,0.11,9.64
"Lamivudine/Stavudine 150/30mg, tablets, 30 Tabs","Lamivudine/Stavudine 150/30mg, tablets, 30 Tabs",150/30mg,30,86821,5697,2,0.07,277.83
"Lamivudine/Nevirapine/Stavudine 150/200/30mg, tablets, 60 Tabs","Lamivudine/Nevirapine/Stavudine 150/200/30mg, tablets, 60 Tabs",150/200/30mg,60,32436,3203,7.5,0.12,389.23
"HIV 1/2, Capillus HIV Kit, 100 Tests","HIV 1/2, Capillus HIV Kit, 100 Tests",,100,75,50,139,1.39,16.68
"Efavirenz 200mg, capsule, 90 Caps","Efavirenz 200mg, capsule, 90 Caps",200mg,90,400,3340,16.95,0.19,10.85
"HIV 1/2, Capillus HIV Kit, 100 Tests","HIV 1/2, Capillus HIV Kit, 100 Tests",,100,150,130,139,1.39,33.36
"HIV 2, New LAV Blot 2 HIV Kit, 18 Tests","HIV 2, New LAV Blot 2 HIV Kit, 18 Tests",,18,12,46,308.17,17.12,5.92
"Efavirenz 600mg, tablets, 30 Tabs","Efavirenz 600mg, tablets, 30 Tabs",600mg,30,25037,2213,16.26,0.54,651.36
"Efavirenz 600mg, tablets, 30 Tabs","Efavirenz 600mg, tablets, 30 Tabs",600mg,30,23814,2102,16.26,0.54,619.55
"Efavirenz 200mg, capsule, 90 Caps","Efavirenz 200mg, capsule, 90 Caps",200mg,90,271,See DN-304 (ID#:10589),16.95,0.19,7.35
"Stavudine 30mg, capsules, 60 Caps","Stavudine 30mg, capsules, 60 Caps",30mg,60,294,14,1.52,0.03,0.72
"Efavirenz 600mg, tablets, 30 Tabs","Efavirenz 600mg, tablets, 30 Tabs",600mg,30,1717,See DN-362 (ID#:10600),12.42,0.41,34.12
"Nevirapine 200mg, tablets, 60 Tabs","Nevirapine 200mg, tablets, 60 Tabs",200mg,60,85000,14311,3.4,0.06,462.4
"Nevirapine 200mg, tablets, 60 Tabs","Nevirapine 200mg, tablets, 60 Tabs",200mg,60,2844,1587,2.9,0.05,16.17
"Efavirenz 600mg, tablets, 30 Tabs","Efavirenz 600mg, tablets, 30 Tabs",600mg,30,69783,See DN-366 (ID#:11161),19.5,0.65,2177.23
"Lamivudine 150mg, tablets, 60 Tabs","Lamivudine 150mg, tablets, 60 Tabs",150mg,60,200,4241,3.04,0.05,0.97
"Lamivudine 150mg, tablets, 60 Tabs","Lamivudine 150mg, tablets, 60 Tabs",150mg,60,60029,See DN-332 (ID#:10613),3.04,0.05,291.98
"Zidovudine 10mg/ml, oral solution, Bottle, 240 ml","Zidovudine 10mg/ml, oral solution, Bottle, 240 ml",10mg/ml,240,4286,See DN-327 (ID#:10883),2.15,0.01,14.74
"Efavirenz 200mg, capsule, 90 Caps","Efavirenz 200mg, capsule, 90 Caps",200mg,90,2324,See DN-395 (ID#:10887),16,0.18,59.49
"HIV 1/2, Determine HIV Kit, without Lancets, 100 Tests","HIV 1/2, Determine HIV Kit, without Lancets, 100 Tests",,100,595,200,71.99,0.72,68.53
"Lamivudine/Zidovudine 150/300mg, tablets, 60 Tabs","Lamivudine/Zidovudine 150/300mg, tablets, 60 Tabs",150/300mg,60,40761,4221,10.68,0.18,696.52
"Nevirapine 200mg, tablets, 60 Tabs","Nevirapine 200mg, tablets, 60 Tabs",200mg,60,52864,5989,3.57,0.06,301.96
"Nevirapine 200mg, tablets, 60 Tabs","Nevirapine 200mg, tablets, 60 Tabs",200mg,60,500,47,3.67,0.06,2.94
"Efavirenz 200mg, capsule, 90 Caps","Efavirenz 200mg, capsule, 90 Caps",200mg,90,400,38,16,0.18,10.24
"Lamivudine/Stavudine 150/30mg, tablets, 30 Tabs","Lamivudine/Stavudine 150/30mg, tablets, 30 Tabs",150/30mg,30,24140,1434,2,0.07,77.25
"Abacavir/Lamivudine/Zidovudine 300/150/300mg [Trizivir], tablets, 60 Tabs","Abacavir/Lamivudine/Zidovudine 300/150/300mg [Trizivir], tablets, 60 Tabs",300/150/300mg,60,3300,2143,44.5,0.74,234.96
"Nevirapine 200mg, tablets, 60 Tabs","Nevirapine 200mg, tablets, 60 Tabs",200mg,60,9943,See DN-605 (ID#:10636),3.4,0.06,54.09
"Efavirenz 200mg, capsule, 90 Caps","Efavirenz 200mg, capsule, 90 Caps",200mg,90,900,109,16,0.18,23.04
"Lamivudine/Stavudine 150/30mg, tablets, 30 Tabs","Lamivudine/Stavudine 150/30mg, tablets, 30 Tabs",150/30mg,30,50000,3584,2,0.07,160
"Lamivudine/Nevirapine/Zidovudine 150/200/300mg, tablets, 60 Tabs","Lamivudine/Nevirapine/Zidovudine 150/200/300mg, tablets, 60 Tabs",150/300/200mg,60,3930,See DN-435 (ID#:10908),20.5,0.34,128.9
"Stavudine 30mg, capsules, 60 Caps","Stavudine 30mg, capsules, 60 Caps",30mg,60,14000,989,1.75,0.03,39.2
"Stavudine 30mg, capsules, 60 Caps","Stavudine 30mg, capsules, 60 Caps",30mg,60,3996,See DN-440 (ID#:11200),1.75,0.03,11.19
"Efavirenz 30mg/ml [Stocrin/Sustiva], oral solution, Bottle, 180 ml","Efavirenz 30mg/ml [Stocrin/Sustiva], oral solution, Bottle, 180 ml",30mg/ml,180,4077,1554,16.97,0.09,110.7
"Efavirenz 50mg, capsule, 30 Caps","Efavirenz 50mg, capsule, 30 Caps",50mg,30,100,See DN-445 (ID#:10640),2.24,0.07,0.36
"Abacavir/Lamivudine/Zidovudine 300/150/300mg [Trizivir], tablets, 60 Tabs","Abacavir/Lamivudine/Zidovudine 300/150/300mg [Trizivir], tablets, 60 Tabs",300/150/300mg,60,995,219,70,1.17,111.44
"Lopinavir/Ritonavir 200/50mg [Aluvia], tablets, 120 Tabs","Lopinavir/Ritonavir 200/50mg [Aluvia], tablets, 120 Tabs",200/50mg,120,993,217,41.1,0.34,65.3
"Efavirenz 600mg, tablets, 30 Tabs","Efavirenz 600mg, tablets, 30 Tabs",600mg,30,96,5,19.5,0.65,3
"Efavirenz 600mg, tablets, 30 Tabs","Efavirenz 600mg, tablets, 30 Tabs",600mg,30,84,Weight Captured Separately,12.42,0.41,1.67
"Lamivudine/Zidovudine 150/300mg, tablets, 60 Tabs","Lamivudine/Zidovudine 150/300mg, tablets, 60 Tabs",150/300mg,60,215,See DN-475 (ID#:10642),10.68,0.18,3.67
"Nevirapine 10mg/ml, oral suspension, Bottle, 240 ml","Nevirapine 10mg/ml, oral suspension, Bottle, 240 ml",10mg/ml,240,965,See DN-475 (ID#:10642),6.2,0.03,9.57
"Lopinavir/Ritonavir 80/20mg/ml [Kaletra], oral solution, cool, Bottle 5 x 60 ml","Lopinavir/Ritonavir 80/20mg/ml [Kaletra], oral solution, cool, Bottle 5 x 60 ml",80/20mg/ml,300,630,83,41.1,0.14,41.43
"HIV 1/2, Determine HIV Kit, without Lancets, 100 Tests","HIV 1/2, Determine HIV Kit, without Lancets, 100 Tests",,100,405,130,71.99,0.72,46.65
"Lamivudine/Zidovudine 150/300mg, tablets, 60 Tabs","Lamivudine/Zidovudine 150/300mg, tablets, 60 Tabs",150/300mg,60,9692,1215,9.5,0.16,147.32
"Zidovudine 10mg/ml, oral solution, Bottle, 240 ml","Zidovudine 10mg/ml, oral solution, Bottle, 240 ml",10mg/ml,240,3000,2584,2.15,0.01,10.32
"Lamivudine/Nevirapine/Stavudine 150/200/30mg, tablets, 60 Tabs","Lamivudine/Nevirapine/Stavudine 150/200/30mg, tablets, 60 Tabs",150/200/30mg,60,2925,See DN-535 (ID#:10658),7.4,0.12,34.63
"Stavudine 15mg, capsules, 60 Caps","Stavudine 15mg, capsules, 60 Caps",15mg,60,120,See DN-614 (ID#:11219),1.5,0.02,0.29
"Lamivudine/Zidovudine 150/300mg, tablets, 60 Tabs","Lamivudine/Zidovudine 150/300mg, tablets, 60 Tabs",150/300mg,60,29593,10877,9.5,0.16,449.81
"Stavudine 30mg, capsules, 60 Caps","Stavudine 30mg, capsules, 60 Caps",30mg,60,392,29,2.15,0.04,1.35
"Abacavir 300mg, tablets, 60 Tabs","Abacavir 300mg, tablets, 60 Tabs",300mg,60,1128,See DN-556 (ID#:10662),27.53,0.46,49.69
"#108853** HIV, Genie II HIV-1/HIV-2 Kit, 40 Tests","#108853** HIV, Genie II HIV-1/HIV-2 Kit, 40 Tests",,40,710,771,76,1.9,86.34
"Lopinavir/Ritonavir 200/50mg [Aluvia], tablets, 120 Tabs","Lopinavir/Ritonavir 200/50mg [Aluvia], tablets, 120 Tabs",200/50mg,120,12107,2647,41.1,0.34,796.16
"Efavirenz 600mg, tablets, 30 Tabs","Efavirenz 600mg, tablets, 30 Tabs",600mg,30,66667,5253,12.42,0.41,1324.81
"Lamivudine/Zidovudine 150/300mg, tablets, 60 Tabs","Lamivudine/Zidovudine 150/300mg, tablets, 60 Tabs",150/300mg,60,2883,See DN-589 (ID#:10670),9.5,0.16,43.82
"HIV 1/2, Bioline 3.0 Kit, Lancets, Capillary pipets, Alcohol swabs included, 25 Tests","HIV 1/2, Bioline 3.0 Kit, Lancets, Capillary pipets, Alcohol swabs included, 25 Tests",,25,5693,1740,20,0.8,182.18
"Lamivudine/Zidovudine 150/300mg, tablets, 60 Tabs","Lamivudine/Zidovudine 150/300mg, tablets, 60 Tabs",150/300mg,60,7558,2166,9.45,0.16,114.28
"Efavirenz 600mg, tablets, 30 Tabs","Efavirenz 600mg, tablets, 30 Tabs",600mg,30,19740,2941,12.01,0.4,379.32
"Lamivudine/Zidovudine 150/300mg, tablets, 60 Tabs","Lamivudine/Zidovudine 150/300mg, tablets, 60 Tabs",150/300mg,60,5809,See DN-826 (ID#:10674),9.45,0.16,87.83
"HIV, Lancet, Safety, for HIV Test kits, 100 Pcs","HIV, Lancet, Safety, for HIV Test kits, 100 Pcs",,100,152,45,0.01,0,0
"Lamivudine/Nevirapine/Stavudine 150/200/30mg, tablets, 60 Tabs","Lamivudine/Nevirapine/Stavudine 150/200/30mg, tablets, 60 Tabs",150/200/30mg,60,90955,16579,7.4,0.12,1076.91
"Lopinavir/Ritonavir 200/50mg [Aluvia], tablets, 120 Tabs","Lopinavir/Ritonavir 200/50mg [Aluvia], tablets, 120 Tabs",200/50mg,120,84,See DN-800 (ID#:10953),41.1,0.34,5.52
"Abacavir 300mg, tablets, 60 Tabs","Abacavir 300mg, tablets, 60 Tabs",300mg,60,4,See DN-800 (ID#:10953),26.3,0.44,0.17
"Nevirapine 10mg/ml, oral suspension, Bottle, 240 ml","Nevirapine 10mg/ml, oral suspension, Bottle, 240 ml",10mg/ml,240,2112,See DN-744 (ID#:10684),1.92,0.01,6.49
"Nevirapine 200mg, tablets, 60 Tabs","Nevirapine 200mg, tablets, 60 Tabs",200mg,60,32358,3146,3.4,0.06,176.03
"Lamivudine 150mg, tablets, 60 Tabs","Lamivudine 150mg, tablets, 60 Tabs",150mg,60,2100,153,2.9,0.05,9.74
"Lamivudine/Zidovudine 150/300mg, tablets, 60 Tabs","Lamivudine/Zidovudine 150/300mg, tablets, 60 Tabs",150/300mg,60,14277,2033,9.45,0.16,215.87
"Nevirapine 200mg, tablets, 60 Tabs","Nevirapine 200mg, tablets, 60 Tabs",200mg,60,27662,4128,3.4,0.06,150.48
"HIV 1/2, Determine HIV Kit, without Lancets, 100 Tests","HIV 1/2, Determine HIV Kit, without Lancets, 100 Tests",,100,10,See DN-686 (ID#:10691),72,0.72,1.15
"HIV 1/2, Determine HIV Kit, without Lancets, 100 Tests","HIV 1/2, Determine HIV Kit, without Lancets, 100 Tests",,100,1550,Weight Captured Separately,79.99,0.8,198.38
"Efavirenz 600mg, tablets, 30 Tabs","Efavirenz 600mg, tablets, 30 Tabs",600mg,30,50000,3422,12.01,0.4,960.8
"Lamivudine 150mg, tablets, 60 Tabs","Lamivudine 150mg, tablets, 60 Tabs",150mg,60,14044,732,3.04,0.05,68.31
"Efavirenz 200mg, capsule, 90 Caps","Efavirenz 200mg, capsule, 90 Caps",200mg,90,3885,467,16,0.18,99.46
"HIV 1/2, Uni-Gold HIV Kit, 20 Tests","HIV 1/2, Uni-Gold HIV Kit, 20 Tests",,20,1200,See DN-667 (ID#:10967),32,1.6,61.44
"Lamivudine/Nevirapine/Zidovudine 150/200/300mg, tablets, 60 Tabs","Lamivudine/Nevirapine/Zidovudine 150/200/300mg, tablets, 60 Tabs",150/300/200mg,60,16610,2298,13.5,0.22,358.78
"Zidovudine 300mg, tablets, 60 Tabs","Zidovudine 300mg, tablets, 60 Tabs",300mg,60,3060,See DN-698 (ID#:10970),8.15,0.14,39.9
"Efavirenz 600mg, tablets, 30 Tabs","Efavirenz 600mg, tablets, 30 Tabs",600mg,30,1233,See DN-687 (ID#:10697),12.42,0.41,24.5
"Lamivudine/Zidovudine 150/300mg, tablets, 60 Tabs","Lamivudine/Zidovudine 150/300mg, tablets, 60 Tabs",150/300mg,60,1887,273,9.45,0.16,28.53
"Lamivudine/Stavudine 150/30mg, tablets, 30 Tabs","Lamivudine/Stavudine 150/30mg, tablets, 30 Tabs",150/30mg,30,1566,See DN-730 (ID#:11260),2,0.07,5.01
"Zidovudine 10mg/ml, oral solution, Bottle, 240 ml","Zidovudine 10mg/ml, oral solution, Bottle, 240 ml",10mg/ml,240,1846,773,2.15,0.01,6.35
"Lamivudine 10mg/ml, oral solution, Bottle, 240 ml","Lamivudine 10mg/ml, oral solution, Bottle, 240 ml",10mg/ml,240,4338,See DN-690 (ID#:10706),1.97,0.01,13.67
"HIV 1/2, Determine HIV Kit, without Lancets, 100 Tests","HIV 1/2, Determine HIV Kit, without Lancets, 100 Tests",,100,550,161,71.99,0.72,63.35
"HIV, Lancet, Safety, for HIV Test kits, 100 Pcs","HIV, Lancet, Safety, for HIV Test kits, 100 Pcs",,100,1800,526,0.01,0,0.03
"Lamivudine/Nevirapine/Stavudine 150/200/30mg, tablets, 60 Tabs","Lamivudine/Nevirapine/Stavudine 150/200/30mg, tablets, 60 Tabs",150/200/30mg,60,2700,199,7.4,0.12,31.97
"Efavirenz 600mg, tablets, 30 Tabs","Efavirenz 600mg, tablets, 30 Tabs",600mg,30,50000,3882,12.01,0.4,960.8
"Lamivudine/Zidovudine 150/300mg, tablets, 60 Tabs","Lamivudine/Zidovudine 150/300mg, tablets, 60 Tabs",150/300mg,60,1350,239,9.45,0.16,20.41
"Lamivudine/Nevirapine/Stavudine 150/200/30mg, tablets, 60 Tabs","Lamivudine/Nevirapine/Stavudine 150/200/30mg, tablets, 60 Tabs",150/200/30mg,60,60000,12606,7.2,0.12,691.2
"Lopinavir/Ritonavir 200/50mg [Aluvia], tablets, 120 Tabs","Lopinavir/Ritonavir 200/50mg [Aluvia], tablets, 120 Tabs",200/50mg,120,2580,587,41.1,0.34,169.66
"Zidovudine 300mg, tablets, 60 Tabs","Zidovudine 300mg, tablets, 60 Tabs",300mg,60,1294,76,8.15,0.14,20.67
"Lamivudine/Zidovudine 150/300mg, tablets, 60 Tabs","Lamivudine/Zidovudine 150/300mg, tablets, 60 Tabs",150/300mg,60,6786,620,9.35,0.16,124.36
"Zidovudine 10mg/ml, oral solution, Bottle, 240 ml","Zidovudine 10mg/ml, oral solution, Bottle, 240 ml",10mg/ml,240,10000,3720,2.1,0.01,41.16
"Efavirenz 600mg, tablets, 30 Tabs","Efavirenz 600mg, tablets, 30 Tabs",600mg,30,2410,182,11.72,0.39,55.36
"Lamivudine/Zidovudine 150/300mg, tablets, 60 Tabs","Lamivudine/Zidovudine 150/300mg, tablets, 60 Tabs",150/300mg,60,11569,1072,9.45,0.16,214.28
"HIV 1/2, Uni-Gold HIV Kit, 20 Tests","HIV 1/2, Uni-Gold HIV Kit, 20 Tests",,20,25,19,32,1.6,1.57
"Zidovudine 300mg, tablets, 60 Tabs","Zidovudine 300mg, tablets, 60 Tabs",300mg,60,10000,581,7.9,0.13,154.84
"Abacavir 300mg, tablets, 60 Tabs","Abacavir 300mg, tablets, 60 Tabs",300mg,60,4,1,26.3,0.44,0.21
"Efavirenz 600mg, tablets, 30 Tabs","Efavirenz 600mg, tablets, 30 Tabs",600mg,30,12000,See DN-897 (ID#:10722),11.72,0.39,225.02
"Efavirenz 600mg, tablets, 30 Tabs","Efavirenz 600mg, tablets, 30 Tabs",600mg,30,4000,8481,12.01,0.4,76.86
"Efavirenz 600mg, tablets, 30 Tabs","Efavirenz 600mg, tablets, 30 Tabs",600mg,30,4000,342,12.01,0.4,76.86
"Lopinavir/Ritonavir 200/50mg [Aluvia], tablets, 120 Tabs","Lopinavir/Ritonavir 200/50mg [Aluvia], tablets, 120 Tabs",200/50mg,120,60,547,41.1,0.34,4.83
"Tenofovir Disoproxil Fumarate 300mg, tablets, 30 Tabs","Tenofovir Disoproxil Fumarate 300mg, tablets, 30 Tabs",300mg,30,5547,333,17,0.57,150.88
"Lamivudine/Zidovudine 150/300mg, tablets, 60 Tabs","Lamivudine/Zidovudine 150/300mg, tablets, 60 Tabs",150/300mg,60,1144,See DN-990 (ID#:11001),9.35,0.16,20.96
"Lamivudine/Stavudine 150/30mg, tablets, 60 Tabs","Lamivudine/Stavudine 150/30mg, tablets, 60 Tabs",150/30mg,60,1044,See DN-1052 (ID#:10737),3.8,0.06,7.78
"Abacavir 20mg/ml, oral solution, Bottle, 240 ml","Abacavir 20mg/ml, oral solution, Bottle, 240 ml",20mg/ml,240,4439,1592,16.15,0.07,140.51
"Efavirenz 200mg, capsule, 90 Caps","Efavirenz 200mg, capsule, 90 Caps",200mg,90,210,See DN-1100 (ID#:11005),15.26,0.17,6.28
"Emtricitabine/Tenofovir Disoproxil Fumarate 200/300mg [Truvada], tablets, 30 Tabs","Emtricitabine/Tenofovir Disoproxil Fumarate 200/300mg [Truvada], tablets, 30 Tabs",300/200mg,30,382,177,26.25,0.88,19.65
"Emtricitabine/Tenofovir Disoproxil Fumarate 200/300mg [Truvada], tablets, 30 Tabs","Emtricitabine/Tenofovir Disoproxil Fumarate 200/300mg [Truvada], tablets, 30 Tabs",300/200mg,30,3014,291,26.25,0.88,155.07
"Lamivudine 10mg/ml, oral solution, Bottle, 240 ml","Lamivudine 10mg/ml, oral solution, Bottle, 240 ml",10mg/ml,240,14405,See DN-944 (ID#:11012),1.9,0.01,53.64
"Lamivudine/Zidovudine 150/300mg, tablets, 60 Tabs","Lamivudine/Zidovudine 150/300mg, tablets, 60 Tabs",150/300mg,60,45000,See DN-1058 (ID#:11015),9.35,0.16,824.67
"HIV 1/2, Uni-Gold HIV Kit, 20 Tests","HIV 1/2, Uni-Gold HIV Kit, 20 Tests",,20,750,241,32,1.6,47.04
"Lamivudine/Zidovudine 150/300mg, tablets, 60 Tabs","Lamivudine/Zidovudine 150/300mg, tablets, 60 Tabs",150/300mg,60,5377,501,9.35,0.16,98.54
"Lamivudine/Nevirapine/Zidovudine 150/200/300mg, tablets, 60 Tabs","Lamivudine/Nevirapine/Zidovudine 150/200/300mg, tablets, 60 Tabs",150/300/200mg,60,11188,1435,11.8,0.2,258.76
"Lamivudine/Nevirapine/Stavudine 150/200/30mg, tablets, 60 Tabs","Lamivudine/Nevirapine/Stavudine 150/200/30mg, tablets, 60 Tabs",150/200/30mg,60,125009,7910,7.2,0.12,1440.1
"Lamivudine/Stavudine 150/30mg, tablets, 60 Tabs","Lamivudine/Stavudine 150/30mg, tablets, 60 Tabs",150/30mg,60,969,71,3.9,0.06,6.05
"Efavirenz 600mg, tablets, 30 Tabs","Efavirenz 600mg, tablets, 30 Tabs",600mg,30,2063,176,11.72,0.39,47.39
"Zidovudine 10mg/ml, oral solution, Bottle, 240 ml","Zidovudine 10mg/ml, oral solution, Bottle, 240 ml",10mg/ml,240,5800,2177,2.1,0.01,23.87
"Lopinavir/Ritonavir 200/50mg [Aluvia], tablets, 120 Tabs","Lopinavir/Ritonavir 200/50mg [Aluvia], tablets, 120 Tabs",200/50mg,120,80,18,41.1,0.34,5.26
"Lamivudine 150mg, tablets, 60 Tabs","Lamivudine 150mg, tablets, 60 Tabs",150mg,60,6385,327,2.44,0.04,30.54
"Efavirenz 30mg/ml [Stocrin/Sustiva], oral solution, Bottle, 180 ml","Efavirenz 30mg/ml [Stocrin/Sustiva], oral solution, Bottle, 180 ml",30mg/ml,180,3930,Weight Captured Separately,0.01,0,0.08
"Lamivudine/Nevirapine/Zidovudine 150/200/300mg, tablets, 60 Tabs","Lamivudine/Nevirapine/Zidovudine 150/200/300mg, tablets, 60 Tabs",150/300/200mg,60,53671,6024,11.4,0.19,1199.22
"Efavirenz 200mg, capsule, 90 Caps","Efavirenz 200mg, capsule, 90 Caps",200mg,90,420,199,15.26,0.17,12.56
"Lamivudine/Nevirapine/Zidovudine 150/200/300mg, tablets, 60 Tabs","Lamivudine/Nevirapine/Zidovudine 150/200/300mg, tablets, 60 Tabs",150/300/200mg,60,16698,1901,11.4,0.19,373.1
"Lamivudine/Nevirapine/Zidovudine 150/200/300mg, tablets, 60 Tabs","Lamivudine/Nevirapine/Zidovudine 150/200/300mg, tablets, 60 Tabs",150/300/200mg,60,9483,1079,11.4,0.19,211.89
"Efavirenz 600mg, tablets, 30 Tabs","Efavirenz 600mg, tablets, 30 Tabs",600mg,30,867,76,9.72,0.32,16.52
"Efavirenz 600mg, tablets, 30 Tabs","Efavirenz 600mg, tablets, 30 Tabs",600mg,30,19400,See DN-1231 (ID#:11044),9.72,0.32,369.59
"Emtricitabine/Tenofovir Disoproxil Fumarate 200/300mg [Truvada], tablets, 30 Tabs","Emtricitabine/Tenofovir Disoproxil Fumarate 200/300mg [Truvada], tablets, 30 Tabs",300/200mg,30,90,See DN-1232 (ID#:10766),26.25,0.88,4.63
"Lamivudine/Nevirapine/Zidovudine 150/200/300mg, tablets, 60 Tabs","Lamivudine/Nevirapine/Zidovudine 150/200/300mg, tablets, 60 Tabs",150/300/200mg,60,7044,Weight Captured Separately,11.8,0.2,162.91
"Didanosine 100mg, chewable/dispersible tablets, 60 Tabs","Didanosine 100mg, chewable/dispersible tablets, 60 Tabs",100mg,60,888,See DN-1235 (ID#:10769),0.01,0,0.02
"Efavirenz 600mg, tablets, 30 Tabs","Efavirenz 600mg, tablets, 30 Tabs",600mg,30,107180,7995,8,0.27,1680.58
"Abacavir 300mg, tablets, 60 Tabs","Abacavir 300mg, tablets, 60 Tabs",300mg,60,4594,See DN-1250 (ID#:10774),25.45,0.42,229.16
"Lamivudine/Nevirapine/Stavudine 150/200/30mg, tablets, 60 Tabs","Lamivudine/Nevirapine/Stavudine 150/200/30mg, tablets, 60 Tabs",150/200/30mg,60,95000,See DN-1250 (ID#:10774),7.12,0.12,1325.74
"Lamivudine/Tenofovir Disoproxil Fumarate 300/300mg, tablets, 30 Tabs","Lamivudine/Tenofovir Disoproxil Fumarate 300/300mg, tablets, 30 Tabs",300/300mg,30,11000,966,11.5,0.38,247.94
"Lamivudine/Nevirapine/Stavudine 150/200/30mg, tablets, 60 Tabs","Lamivudine/Nevirapine/Stavudine 150/200/30mg, tablets, 60 Tabs",150/200/30mg,60,76000,8955,7.12,0.12,1060.6
"Lamivudine/Nevirapine/Stavudine 150/200/30mg, tablets, 60 Tabs","Lamivudine/Nevirapine/Stavudine 150/200/30mg, tablets, 60 Tabs",150/200/30mg,60,40000,2970,7.12,0.12,558.21
"Tenofovir Disoproxil Fumarate 300mg, tablets, 30 Tabs","Tenofovir Disoproxil Fumarate 300mg, tablets, 30 Tabs",300mg,30,6000,See DN-1315 (ID#:10781),13.28,0.44,156.17
"Lamivudine/Tenofovir Disoproxil Fumarate 300/300mg, tablets, 30 Tabs","Lamivudine/Tenofovir Disoproxil Fumarate 300/300mg, tablets, 30 Tabs",300/300mg,30,25000,2068,10,0.33,490
"Lamivudine/Stavudine 150/30mg, tablets, 60 Tabs","Lamivudine/Stavudine 150/30mg, tablets, 60 Tabs",150/30mg,60,9560,722,3.8,0.06,71.2
"Stavudine 15mg, capsules, 60 Caps","Stavudine 15mg, capsules, 60 Caps",15mg,60,296,See DN-1335 (ID#:11338),1.5,0.02,0.87
"Lamivudine/Nevirapine/Zidovudine 150/200/300mg, tablets, 60 Tabs","Lamivudine/Nevirapine/Zidovudine 150/200/300mg, tablets, 60 Tabs",150/300/200mg,60,26550,2991,11.4,0.19,593.23
"Lamivudine/Nevirapine/Zidovudine 150/200/300mg, tablets, 60 Tabs","Lamivudine/Nevirapine/Zidovudine 150/200/300mg, tablets, 60 Tabs",150/300/200mg,60,41948,4724,11.4,0.19,937.29
"Emtricitabine/Tenofovir Disoproxil Fumarate 200/300mg [Truvada], tablets, 30 Tabs","Emtricitabine/Tenofovir Disoproxil Fumarate 200/300mg [Truvada], tablets, 30 Tabs",300/200mg,30,240,21,26.25,0.88,12.35
"Emtricitabine/Tenofovir Disoproxil Fumarate 200/300mg [Truvada], tablets, 30 Tabs","Emtricitabine/Tenofovir Disoproxil Fumarate 200/300mg [Truvada], tablets, 30 Tabs",300/200mg,30,662,58,26.25,0.88,34.06
"Efavirenz 600mg, tablets, 30 Tabs","Efavirenz 600mg, tablets, 30 Tabs",600mg,30,5010,434,9.72,0.32,95.45
"Zidovudine 300mg, tablets, 60 Tabs","Zidovudine 300mg, tablets, 60 Tabs",300mg,60,8000,452,7.53,0.13,118.07
"Emtricitabine/Tenofovir Disoproxil Fumarate 200/300mg [Truvada], tablets, 30 Tabs","Emtricitabine/Tenofovir Disoproxil Fumarate 200/300mg [Truvada], tablets, 30 Tabs",300/200mg,30,8462,1225,26.25,0.88,435.37
"Lamivudine 150mg, tablets, 60 Tabs","Lamivudine 150mg, tablets, 60 Tabs",150mg,60,374,18,2.44,0.04,1.79
"Efavirenz 600mg, tablets, 30 Tabs","Efavirenz 600mg, tablets, 30 Tabs",600mg,30,8438,1404,9.72,0.32,160.75
"Efavirenz 600mg, tablets, 30 Tabs","Efavirenz 600mg, tablets, 30 Tabs",600mg,30,8662,See DN-1395 (ID#:11350),9.72,0.32,165.02
"Efavirenz 600mg, tablets, 30 Tabs","Efavirenz 600mg, tablets, 30 Tabs",600mg,30,4000,9020,10.62,0.35,83.26
"Lamivudine/Nevirapine/Zidovudine 150/200/300mg, tablets, 60 Tabs","Lamivudine/Nevirapine/Zidovudine 150/200/300mg, tablets, 60 Tabs",150/300/200mg,60,60930,6862,11.4,0.19,1361.42
"Emtricitabine/Tenofovir Disoproxil Fumarate 200/300mg, tablets, 30 Tabs","Emtricitabine/Tenofovir Disoproxil Fumarate 200/300mg, tablets, 30 Tabs",200/300mg,30,25000,2023,11.75,0.39,575.75
"Lamivudine/Zidovudine 150/300mg, tablets, 60 Tabs","Lamivudine/Zidovudine 150/300mg, tablets, 60 Tabs",150/300mg,60,40000,3626,8.76,0.15,686.78
"Lamivudine/Zidovudine 150/300mg, tablets, 60 Tabs","Lamivudine/Zidovudine 150/300mg, tablets, 60 Tabs",150/300mg,60,59952,6967,8.76,0.15,1029.35
"Lopinavir/Ritonavir 80/20mg/ml [Kaletra], oral solution, cool, Bottle 5 x 60 ml","Lopinavir/Ritonavir 80/20mg/ml [Kaletra], oral solution, cool, Bottle 5 x 60 ml",80/20mg/ml,300,129,Weight Captured Separately,0.01,0,0
"Abacavir 300mg, tablets, 60 Tabs","Abacavir 300mg, tablets, 60 Tabs",300mg,60,6376,640,21.42,0.36,294.45
"Tenofovir Disoproxil Fumarate 300mg [Viread], tablets, 30 Tabs","Tenofovir Disoproxil Fumarate 300mg [Viread], tablets, 30 Tabs",300mg,30,4000,256,17,0.57,
"Indinavir 400mg [Crixivan], capsules, 180 Caps","Indinavir 400mg [Crixivan], capsules, 180 Caps",400mg,180,370,See DN-30 (ID#:11091),49.32,0.27,
"Abacavir 300mg, tablets, 60 Tabs","Abacavir 300mg, tablets, 60 Tabs",300mg,60,33,See DN-30 (ID#:11091),44.05,0.73,
"HIV 1/2, Bioline 3.0 Kit, Lancets, Capillary pipets, Alcohol swabs included, 25 Tests","HIV 1/2, Bioline 3.0 Kit, Lancets, Capillary pipets, Alcohol swabs included, 25 Tests",,25,561,191,20,0.8,
"Lamivudine/Zidovudine+Nevirapine 150/300+200mg, tablets, co-blister, 60+60 Tabs","Lamivudine/Zidovudine+Nevirapine 150/300+200mg, tablets, co-blister, 60+60 Tabs",150/300+200mg,120,2703,See DN-93 (ID#:10546),20.5,0.17,
"Efavirenz 600mg, tablets, 30 Tabs","Efavirenz 600mg, tablets, 30 Tabs",600mg,30,4500,410,16.25,0.54,
"Indinavir 400mg [Crixivan], capsules, 180 Caps","Indinavir 400mg [Crixivan], capsules, 180 Caps",400mg,180,740,206,49.32,0.27,
"Lamivudine/Zidovudine 150/300mg, tablets, 60 Tabs","Lamivudine/Zidovudine 150/300mg, tablets, 60 Tabs",150/300mg,60,28512,2630,10.68,0.18,
"Zidovudine 300mg, tablets, 60 Tabs","Zidovudine 300mg, tablets, 60 Tabs",300mg,60,421,25,9.77,0.16,
"Nevirapine 10mg/ml, oral suspension, Bottle, 240 ml","Nevirapine 10mg/ml, oral suspension, Bottle, 240 ml",10mg/ml,240,1181,See DN-132 (ID#:11105),3.5,0.01,
"Efavirenz 600mg, tablets, 30 Tabs","Efavirenz 600mg, tablets, 30 Tabs",600mg,30,35000,2153,12.42,0.41,695.52
"HIV 1/2, Bioline 3.0 Kit, Lancets, Capillary pipets, Alcohol swabs included, 25 Tests","HIV 1/2, Bioline 3.0 Kit, Lancets, Capillary pipets, Alcohol swabs included, 25 Tests",,25,452,Weight Captured Separately,20,0.8,
"Tenofovir Disoproxil Fumarate 300mg [Viread], tablets, 30 Tabs","Tenofovir Disoproxil Fumarate 300mg [Viread], tablets, 30 Tabs",300mg,30,4000,265,17,0.57,
"Abacavir 300mg, tablets, 60 Tabs","Abacavir 300mg, tablets, 60 Tabs",300mg,60,5000,239,35.5,0.59,
"Stavudine 30mg, capsules, 60 Caps","Stavudine 30mg, capsules, 60 Caps",30mg,60,117,See DN-100 (ID#:10823),1.61,0.03,
"Stavudine 40mg, capsules, 60 Caps","Stavudine 40mg, capsules, 60 Caps",40mg,60,306,See DN-100 (ID#:10823),2.13,0.04,
"Lamivudine/Nevirapine/Stavudine 150/200/30mg, tablets, 60 Tabs","Lamivudine/Nevirapine/Stavudine 150/200/30mg, tablets, 60 Tabs",150/200/30mg,60,9000,974,7.5,0.12,
"Stavudine 15mg, capsules, 60 Caps","Stavudine 15mg, capsules, 60 Caps",15mg,60,401,235,2.15,0.04,1.38
"Abacavir 300mg, tablets, 60 Tabs","Abacavir 300mg, tablets, 60 Tabs",300mg,60,957,95,35.8,0.6,54.82
"Zidovudine 10mg/ml, oral solution, Bottle, 240 ml","Zidovudine 10mg/ml, oral solution, Bottle, 240 ml",10mg/ml,240,4316,6634,3.95,0.02,27.28
"Efavirenz 600mg, tablets, 30 Tabs","Efavirenz 600mg, tablets, 30 Tabs",600mg,30,25874,See DN-182 (ID#:10562),16.26,0.54,
"Efavirenz 50mg [Stocrin/Sustiva], capsule, 30 Caps","Efavirenz 50mg [Stocrin/Sustiva], capsule, 30 Caps",50mg,30,570,26,3.47,0.12,
"Lopinavir/Ritonavir 200/50mg [Aluvia], tablets, 120 Tabs","Lopinavir/Ritonavir 200/50mg [Aluvia], tablets, 120 Tabs",200/50mg,120,2820,614,41.1,0.34,185.44
"Lamivudine/Nevirapine/Stavudine 150/200/30mg, tablets, 60 Tabs","Lamivudine/Nevirapine/Stavudine 150/200/30mg, tablets, 60 Tabs",150/200/30mg,60,8347,1313,7.5,0.12,
"Saquinavir 200mg [Invirase], capsules, 270 Caps","Saquinavir 200mg [Invirase], capsules, 270 Caps",200mg,270,638,See DN-160 (ID#:11397),78.64,0.29,
"HIV 1/2/O, First Response HIV 1-2.0, v.3.0 Cards Kit, 30 Tests","HIV 1/2/O, First Response HIV 1-2.0, v.3.0 Cards Kit, 30 Tests",,30,2000,Weight Captured Separately,21,0.7,
"HIV 1/2, Capillus HIV Kit, 100 Tests","HIV 1/2, Capillus HIV Kit, 100 Tests",,100,60,See DN-150 (ID#:11401),139,1.39,
"HIV 1/2, Capillus HIV Kit, 100 Tests","HIV 1/2, Capillus HIV Kit, 100 Tests",,100,200,213,139,1.39,
"Nevirapine 200mg, tablets, 60 Tabs","Nevirapine 200mg, tablets, 60 Tabs",200mg,60,33333,3118,3.67,0.06,
"Lopinavir/Ritonavir 200/50mg [Aluvia], tablets, 120 Tabs","Lopinavir/Ritonavir 200/50mg [Aluvia], tablets, 120 Tabs",200/50mg,120,1110,222,41.1,0.34,72.99
"HIV 1/2, Determine Complete HIV Kit, 100 Tests","HIV 1/2, Determine Complete HIV Kit, 100 Tests",,100,850,195,80,0.8,108.8
"Efavirenz 50mg, capsule, 30 Caps","Efavirenz 50mg, capsule, 30 Caps",50mg,30,570,35,3.42,0.11,3.12
"HIV 1/2, Determine Complete HIV Kit, 100 Tests","HIV 1/2, Determine Complete HIV Kit, 100 Tests",,100,79,27,80,0.8,10.11
"Ritonavir 100mg [Norvir], capsules, cool, 4 x 84 Caps","Ritonavir 100mg [Norvir], capsules, cool, 4 x 84 Caps",100mg,336,140,See DN-282 (ID#:11144),38.36,0.11,8.59
"HIV 1/2, Bioline 3.0 Kit, Lancets, Capillary pipets, Alcohol swabs included, 25 Tests","HIV 1/2, Bioline 3.0 Kit, Lancets, Capillary pipets, Alcohol swabs included, 25 Tests",,25,6452,2334,20,0.8,206.46
"Lopinavir/Ritonavir 200/50mg [Aluvia], tablets, 120 Tabs","Lopinavir/Ritonavir 200/50mg [Aluvia], tablets, 120 Tabs",200/50mg,120,4000,870,41.1,0.34,263.04
"Lamivudine/Nevirapine/Stavudine 150/200/30mg, tablets, 60 Tabs","Lamivudine/Nevirapine/Stavudine 150/200/30mg, tablets, 60 Tabs",150/200/30mg,60,209,See DN-220 (ID#:10585),7.5,0.12,2.51
"Saquinavir 200mg [Invirase], capsules, 270 Caps","Saquinavir 200mg [Invirase], capsules, 270 Caps",200mg,270,575,See DN-240 (ID#:10847),78.64,0.29,72.35
"Efavirenz 600mg, tablets, 30 Tabs","Efavirenz 600mg, tablets, 30 Tabs",600mg,30,3200,280,16.26,0.54,83.25
"Efavirenz 200mg, capsule, 90 Caps","Efavirenz 200mg, capsule, 90 Caps",200mg,90,422,514,16.95,0.19,11.44
"Abacavir/Lamivudine/Zidovudine 300/150/300mg [Trizivir], tablets, 60 Tabs","Abacavir/Lamivudine/Zidovudine 300/150/300mg [Trizivir], tablets, 60 Tabs",300/150/300mg,60,400,2270,70,1.17,44.8
"Stavudine 30mg, capsules, 60 Caps","Stavudine 30mg, capsules, 60 Caps",30mg,60,1000,See DN-298 (ID#:10863),1.52,0.03,2.43
"Ritonavir 100mg [Norvir], capsules, cool, 4 x 84 Caps","Ritonavir 100mg [Norvir], capsules, cool, 4 x 84 Caps",100mg,336,1025,1436,38.36,0.11,62.91
"Lamivudine/Zidovudine 150/300mg, tablets, 60 Tabs","Lamivudine/Zidovudine 150/300mg, tablets, 60 Tabs",150/300mg,60,10800,1020,9.5,0.16,164.16
"Stavudine 30mg, capsules, 60 Caps","Stavudine 30mg, capsules, 60 Caps",30mg,60,630,36,1.52,0.03,1.53
"Nevirapine 10mg/ml, oral suspension, Bottle, 240 ml","Nevirapine 10mg/ml, oral suspension, Bottle, 240 ml",10mg/ml,240,10624,3785,6.2,0.03,105.39
"Indinavir 400mg [Crixivan], capsules, 180 Caps","Indinavir 400mg [Crixivan], capsules, 180 Caps",400mg,180,7839,See DN-320 (ID#:10593),50,0.28,627.12
"Lopinavir/Ritonavir 200/50mg [Aluvia], tablets, 120 Tabs","Lopinavir/Ritonavir 200/50mg [Aluvia], tablets, 120 Tabs",200/50mg,120,726,See DN-320 (ID#:10593),41.1,0.34,47.74
"Lopinavir/Ritonavir 80/20mg/ml [Kaletra], oral solution, cool, Bottle 5 x 60 ml","Lopinavir/Ritonavir 80/20mg/ml [Kaletra], oral solution, cool, Bottle 5 x 60 ml",80/20mg/ml,300,665,603,41.1,0.14,43.73
"Lamivudine/Stavudine 150/30mg, tablets, 30 Tabs","Lamivudine/Stavudine 150/30mg, tablets, 30 Tabs",150/30mg,30,70000,See DN-344 (ID#:11173),2,0.07,224
"Lamivudine 150mg, tablets, 60 Tabs","Lamivudine 150mg, tablets, 60 Tabs",150mg,60,15960,See DN-332 (ID#:10613),3.04,0.05,77.63
"Stavudine 1mg/ml, powder for oral solution, 200 ml","Stavudine 1mg/ml, powder for oral solution, 200 ml",1mg/ml,200,9050,1084,1.45,0.01,21
"Efavirenz 600mg, tablets, 30 Tabs","Efavirenz 600mg, tablets, 30 Tabs",600mg,30,44135,4082,12.42,0.41,877.05
"Lamivudine/Zidovudine 150/300mg, tablets, 60 Tabs","Lamivudine/Zidovudine 150/300mg, tablets, 60 Tabs",150/300mg,60,229,See DN-373 (ID#:10623),10.68,0.18,3.91
"HIV 1/2, Determine Complete HIV Kit, 100 Tests","HIV 1/2, Determine Complete HIV Kit, 100 Tests",,100,4000,2526,72,0.72,460.8
"Stavudine 1mg/ml, powder for oral solution, 200 ml","Stavudine 1mg/ml, powder for oral solution, 200 ml",1mg/ml,200,2950,267,1.45,0.01,6.84
"HIV, Lancet, Safety, for HIV Test kits, 100 Pcs","HIV, Lancet, Safety, for HIV Test kits, 100 Pcs",,100,595,See DN-385 (ID#:11186),0.01,0,0.01
"Efavirenz 600mg, tablets, 30 Tabs","Efavirenz 600mg, tablets, 30 Tabs",600mg,30,1860,4256,12.42,0.41,36.96
"Lamivudine/Nevirapine/Stavudine 150/200/30mg, tablets, 60 Tabs","Lamivudine/Nevirapine/Stavudine 150/200/30mg, tablets, 60 Tabs",150/200/30mg,60,15000,See DN-401 (ID#:11474),7.4,0.12,177.6
"Lamivudine/Zidovudine 150/300mg, tablets, 60 Tabs","Lamivudine/Zidovudine 150/300mg, tablets, 60 Tabs",150/300mg,60,1200,See DN-411 (ID#:10631),19.5,0.32,37.44
"Abacavir/Lamivudine/Zidovudine 300/150/300mg [Trizivir], tablets, 60 Tabs","Abacavir/Lamivudine/Zidovudine 300/150/300mg [Trizivir], tablets, 60 Tabs",300/150/300mg,60,900,See DN-426 (ID#:10633),70,1.17,100.8
"HIV 1/2, Uni-Gold HIV Kit, 20 Tests","HIV 1/2, Uni-Gold HIV Kit, 20 Tests",,20,4500,1482,32,1.6,230.4
"Lamivudine/Zidovudine 150/300mg, tablets, 60 Tabs","Lamivudine/Zidovudine 150/300mg, tablets, 60 Tabs",150/300mg,60,27681,2581,9.5,0.16,420.75
"Efavirenz 600mg, tablets, 30 Tabs","Efavirenz 600mg, tablets, 30 Tabs",600mg,30,24561,7191,12.01,0.4,471.96
"Efavirenz 600mg, tablets, 30 Tabs","Efavirenz 600mg, tablets, 30 Tabs",600mg,30,37039,See DN-609 (ID#:11480),12.01,0.4,711.74
"Efavirenz 30mg/ml [Stocrin/Sustiva], oral solution, Bottle, 180 ml","Efavirenz 30mg/ml [Stocrin/Sustiva], oral solution, Bottle, 180 ml",30mg/ml,180,3027,9248,9.5,0.05,46.01
"Abacavir/Lamivudine/Zidovudine 300/150/300mg [Trizivir], tablets, 60 Tabs","Abacavir/Lamivudine/Zidovudine 300/150/300mg [Trizivir], tablets, 60 Tabs",300/150/300mg,60,1873,See DN-434 (ID#:11483),44.5,0.74,133.36
"Emtricitabine/Tenofovir Disoproxil Fumarate 200/300mg [Truvada], tablets, 30 Tabs","Emtricitabine/Tenofovir Disoproxil Fumarate 200/300mg [Truvada], tablets, 30 Tabs",300/200mg,30,17994,1620,26.25,0.88,755.75
"Lamivudine 150mg, tablets, 60 Tabs","Lamivudine 150mg, tablets, 60 Tabs",150mg,60,70000,3681,3.04,0.05,340.48
"Nevirapine 200mg, tablets, 60 Tabs","Nevirapine 200mg, tablets, 60 Tabs",200mg,60,13141,1271,3.4,0.06,71.49
"HIV 1/2, Determine HIV Kit, without Lancets, 100 Tests","HIV 1/2, Determine HIV Kit, without Lancets, 100 Tests",,100,25,See DN-444 (ID#:10639),72,0.72,2.88
"Lopinavir/Ritonavir 200/50mg [Aluvia], tablets, 120 Tabs","Lopinavir/Ritonavir 200/50mg [Aluvia], tablets, 120 Tabs",200/50mg,120,4,See DN-451 (ID#:11205),41.1,0.34,0.26
"Nevirapine 200mg, tablets, 60 Tabs","Nevirapine 200mg, tablets, 60 Tabs",200mg,60,628,See DN-475 (ID#:10642),3.57,0.06,3.59
"Zidovudine 10mg/ml, oral solution, Bottle, 240 ml","Zidovudine 10mg/ml, oral solution, Bottle, 240 ml",10mg/ml,240,1752,See DN-475 (ID#:10642),3.95,0.02,11.07
"Abacavir 20mg/ml, oral solution, Bottle, 240 ml","Abacavir 20mg/ml, oral solution, Bottle, 240 ml",20mg/ml,240,2091,9386,16.5,0.07,55.2
"Efavirenz 600mg, tablets, 30 Tabs","Efavirenz 600mg, tablets, 30 Tabs",600mg,30,44135,3454,12.42,0.41,877.05
"HIV 1/2, Clearview Complete Kit, 25 Tests","HIV 1/2, Clearview Complete Kit, 25 Tests",,25,100,61,75,3,12
"HIV 1/2, Clearview Complete Kit, 25 Tests","HIV 1/2, Clearview Complete Kit, 25 Tests",,25,70,43,75,3,8.4
"Lamivudine 150mg, tablets, 60 Tabs","Lamivudine 150mg, tablets, 60 Tabs",150mg,60,451,See DN-535 (ID#:10658),3.04,0.05,2.19
"Nevirapine 10mg/ml, oral suspension, Bottle, 240 ml","Nevirapine 10mg/ml, oral suspension, Bottle, 240 ml",10mg/ml,240,475,170,1.92,0.01,1.46
"Emtricitabine/Tenofovir Disoproxil Fumarate 200/300mg [Truvada], tablets, 30 Tabs","Emtricitabine/Tenofovir Disoproxil Fumarate 200/300mg [Truvada], tablets, 30 Tabs",300/200mg,30,17706,1594,26.25,0.88,743.65
"HIV 1/2, Bioline 3.0 Kit, Lancets, Capillary pipets, Alcohol swabs included, 25 Tests","HIV 1/2, Bioline 3.0 Kit, Lancets, Capillary pipets, Alcohol swabs included, 25 Tests",,25,3508,1052,20,0.8,112.26
"Saquinavir 200mg [Invirase], capsules, 270 Caps","Saquinavir 200mg [Invirase], capsules, 270 Caps",200mg,270,332,See DN-421 (ID#:10919),78.64,0.29,41.77
"Lamivudine/Stavudine 150/30mg, tablets, 30 Tabs","Lamivudine/Stavudine 150/30mg, tablets, 30 Tabs",150/30mg,30,1600,See DN-623 (ID#:10925),2,0.07,5.12
"Lamivudine/Zidovudine 150/300mg, tablets, 60 Tabs","Lamivudine/Zidovudine 150/300mg, tablets, 60 Tabs",150/300mg,60,2084,237,9.5,0.16,31.68
"Lopinavir/Ritonavir 200/50mg [Aluvia], tablets, 120 Tabs","Lopinavir/Ritonavir 200/50mg [Aluvia], tablets, 120 Tabs",200/50mg,120,600,859,41.1,0.34,39.46
"HIV, Lancet, Safety, for HIV Test kits, 100 Pcs","HIV, Lancet, Safety, for HIV Test kits, 100 Pcs",,100,2100,See DN-481 (ID#:10656),0.01,0,0.03
"Tenofovir Disoproxil Fumarate 300mg [Viread], tablets, 30 Tabs","Tenofovir Disoproxil Fumarate 300mg [Viread], tablets, 30 Tabs",300mg,30,535,33,17,0.57,14.55
"Lamivudine/Nevirapine/Stavudine 150/200/30mg, tablets, 60 Tabs","Lamivudine/Nevirapine/Stavudine 150/200/30mg, tablets, 60 Tabs",150/200/30mg,60,37240,See DN-479 (ID#:10647),7.4,0.12,440.92
"Tenofovir Disoproxil Fumarate 300mg [Viread], tablets, 30 Tabs","Tenofovir Disoproxil Fumarate 300mg [Viread], tablets, 30 Tabs",300mg,30,4394,317,17,0.57,119.52
"Nevirapine 10mg/ml, oral suspension, Bottle, 240 ml","Nevirapine 10mg/ml, oral suspension, Bottle, 240 ml",10mg/ml,240,792,272,6.2,0.03,7.86
"Lamivudine 150mg, tablets, 60 Tabs","Lamivudine 150mg, tablets, 60 Tabs",150mg,60,29500,1650,3.04,0.05,143.49
"Efavirenz 600mg, tablets, 30 Tabs","Efavirenz 600mg, tablets, 30 Tabs",600mg,30,20000,See DN-559 (ID#:10940),12.42,0.41,397.44
"Indinavir 400mg [Crixivan], capsules, 180 Caps","Indinavir 400mg [Crixivan], capsules, 180 Caps",400mg,180,1550,345,50,0.28,124
"Lamivudine/Nevirapine/Stavudine 150/200/30mg, tablets, 60 Tabs","Lamivudine/Nevirapine/Stavudine 150/200/30mg, tablets, 60 Tabs",150/200/30mg,60,2508,4303,7.4,0.12,29.69
"Efavirenz 600mg, tablets, 30 Tabs","Efavirenz 600mg, tablets, 30 Tabs",600mg,30,18760,See DN-692 (ID#:11233),12.01,0.4,360.49
"Nevirapine 200mg, tablets, 60 Tabs","Nevirapine 200mg, tablets, 60 Tabs",200mg,60,17843,1667,3.4,0.06,97.07
"Efavirenz 600mg, tablets, 30 Tabs","Efavirenz 600mg, tablets, 30 Tabs",600mg,30,45000,3457,12.01,0.4,864.72
"HIV, Lancet, Safety, for HIV Test kits, 100 Pcs","HIV, Lancet, Safety, for HIV Test kits, 100 Pcs",,100,20,See DN-732 (ID#:10675),0.01,0,0
"Lamivudine/Nevirapine/Zidovudine 150/200/300mg, tablets, 60 Tabs","Lamivudine/Nevirapine/Zidovudine 150/200/300mg, tablets, 60 Tabs",150/300/200mg,60,164,2095,13.28,0.22,3.48
"Efavirenz 600mg, tablets, 30 Tabs","Efavirenz 600mg, tablets, 30 Tabs",600mg,30,49997,4345,12.42,0.41,993.54
"Stavudine 30mg, capsules, 60 Caps","Stavudine 30mg, capsules, 60 Caps",30mg,60,154,See DN-800 (ID#:10953),1.55,0.03,0.38
"Didanosine 200mg, chewable/dispersible tablets, 60 Tabs","Didanosine 200mg, chewable/dispersible tablets, 60 Tabs",200mg,60,98,77,15.5,0.26,2.43
"Abacavir 300mg, tablets, 60 Tabs","Abacavir 300mg, tablets, 60 Tabs",300mg,60,5730,See DN-663 (ID#:10960),27.53,0.46,252.4
"Nevirapine 200mg, tablets, 60 Tabs","Nevirapine 200mg, tablets, 60 Tabs",200mg,60,6002,See DN-836 (ID#:11244),3.4,0.06,32.65
"Lamivudine/Stavudine 150/30mg, tablets, 30 Tabs","Lamivudine/Stavudine 150/30mg, tablets, 30 Tabs",150/30mg,30,300,See DN-480 (ID#:10693),2,0.07,0.96
"Efavirenz 200mg, capsule, 90 Caps","Efavirenz 200mg, capsule, 90 Caps",200mg,90,105,14,16,0.18,2.69
"Lamivudine/Zidovudine 150/300mg, tablets, 60 Tabs","Lamivudine/Zidovudine 150/300mg, tablets, 60 Tabs",150/300mg,60,1300,See DN-718 (ID#:10968),9.45,0.16,19.66
"Didanosine 100mg, chewable/dispersible tablets, 60 Tabs","Didanosine 100mg, chewable/dispersible tablets, 60 Tabs",100mg,60,9367,1955,7.75,0.13,116.15
"HIV, Lancet, Safety, for HIV Test kits, 100 Pcs","HIV, Lancet, Safety, for HIV Test kits, 100 Pcs",,100,250,61,0.01,0,0
"Efavirenz 600mg, tablets, 30 Tabs","Efavirenz 600mg, tablets, 30 Tabs",600mg,30,21000,1815,12.01,0.4,403.54
"Lamivudine/Nevirapine/Zidovudine 150/200/300mg, tablets, 60 Tabs","Lamivudine/Nevirapine/Zidovudine 150/200/300mg, tablets, 60 Tabs",150/300/200mg,60,1450,167,13.5,0.22,31.32
"Efavirenz 30mg/ml [Stocrin/Sustiva], oral solution, Bottle, 180 ml","Efavirenz 30mg/ml [Stocrin/Sustiva], oral solution, Bottle, 180 ml",30mg/ml,180,34,14,16.96,0.09,0.92
"Lamivudine 150mg, tablets, 60 Tabs","Lamivudine 150mg, tablets, 60 Tabs",150mg,60,65500,3858,3.04,0.05,318.59
"Lamivudine/Zidovudine 150/300mg, tablets, 60 Tabs","Lamivudine/Zidovudine 150/300mg, tablets, 60 Tabs",150/300mg,60,24345,See DN-690 (ID#:10706),9.45,0.16,368.1
"Lamivudine/Nevirapine/Stavudine 150/200/30mg, tablets, 60 Tabs","Lamivudine/Nevirapine/Stavudine 150/200/30mg, tablets, 60 Tabs",150/200/30mg,60,39000,7719,7.4,0.12,461.76
"Efavirenz 600mg, tablets, 30 Tabs","Efavirenz 600mg, tablets, 30 Tabs",600mg,30,4000,See DN-813 (ID#:10979),12.01,0.4,76.86
"Lamivudine/Nevirapine/Stavudine 150/200/30mg, tablets, 60 Tabs","Lamivudine/Nevirapine/Stavudine 150/200/30mg, tablets, 60 Tabs",150/200/30mg,60,60000,See DN-823 (ID#:11271),7.2,0.12,691.2
"Lopinavir/Ritonavir 200/50mg [Aluvia], tablets, 120 Tabs","Lopinavir/Ritonavir 200/50mg [Aluvia], tablets, 120 Tabs",200/50mg,120,1530,347,82.2,0.68,201.23
"Lamivudine 150mg, tablets, 60 Tabs","Lamivudine 150mg, tablets, 60 Tabs",150mg,60,11352,572,2.91,0.05,52.85
"Lopinavir/Ritonavir 200/50mg [Aluvia], tablets, 120 Tabs","Lopinavir/Ritonavir 200/50mg [Aluvia], tablets, 120 Tabs",200/50mg,120,2580,587,41.1,0.34,169.66
"Zidovudine 300mg, tablets, 60 Tabs","Zidovudine 300mg, tablets, 60 Tabs",300mg,60,5000,229,7.9,0.13,77.42
"Lamivudine/Stavudine 150/30mg, tablets, 30 Tabs","Lamivudine/Stavudine 150/30mg, tablets, 30 Tabs",150/30mg,30,8000,8855,2,0.07,31.36
"Zidovudine 300mg, tablets, 60 Tabs","Zidovudine 300mg, tablets, 60 Tabs",300mg,60,2306,132,8.15,0.14,36.84
"HIV, Lancet, Safety, for HIV Test kits, 100 Pcs","HIV, Lancet, Safety, for HIV Test kits, 100 Pcs",,100,5000,Weight Captured Separately,0.01,0,0.1
"Zidovudine 300mg, tablets, 60 Tabs","Zidovudine 300mg, tablets, 60 Tabs",300mg,60,416,49,7.9,0.13,6.44
"Zidovudine 300mg, tablets, 60 Tabs","Zidovudine 300mg, tablets, 60 Tabs",300mg,60,50,3,7.9,0.13,0.77
"Nevirapine 200mg, tablets, 60 Tabs","Nevirapine 200mg, tablets, 60 Tabs",200mg,60,40454,3787,3.4,0.06,269.59
"Nevirapine 200mg, tablets, 60 Tabs","Nevirapine 200mg, tablets, 60 Tabs",200mg,60,2523,585,3.2,0.05,15.82
"Lamivudine/Zidovudine 150/300mg, tablets, 60 Tabs","Lamivudine/Zidovudine 150/300mg, tablets, 60 Tabs",150/300mg,60,15000,1364,8.76,0.15,257.54
"Stavudine 30mg, capsules, 60 Caps","Stavudine 30mg, capsules, 60 Caps",30mg,60,948,127,1.55,0.03,2.88
"Lamivudine 150mg, tablets, 60 Tabs","Lamivudine 150mg, tablets, 60 Tabs",150mg,60,1077,See DN-1008 (ID#:11570),2.9,0.05,6.12
"Emtricitabine/Tenofovir Disoproxil Fumarate 200/300mg [Truvada], tablets, 30 Tabs","Emtricitabine/Tenofovir Disoproxil Fumarate 200/300mg [Truvada], tablets, 30 Tabs",300/200mg,30,6,See DN-1008 (ID#:11570),26.25,0.88,0.31
"Nevirapine 200mg, tablets, 60 Tabs","Nevirapine 200mg, tablets, 60 Tabs",200mg,60,2454,231,3.4,0.06,16.35
"Lamivudine/Zidovudine 150/300mg, tablets, 60 Tabs","Lamivudine/Zidovudine 150/300mg, tablets, 60 Tabs",150/300mg,60,2780,262,9.35,0.16,50.95
"Lamivudine/Zidovudine 150/300mg, tablets, 60 Tabs","Lamivudine/Zidovudine 150/300mg, tablets, 60 Tabs",150/300mg,60,26402,6986,9.45,0.16,399.2
"Lamivudine/Nevirapine/Stavudine 150/200/30mg, tablets, 60 Tabs","Lamivudine/Nevirapine/Stavudine 150/200/30mg, tablets, 60 Tabs",150/200/30mg,60,76000,See DN-900 (ID#:11284),7.4,0.12,899.84
"Emtricitabine/Tenofovir Disoproxil Fumarate 200/300mg [Truvada], tablets, 30 Tabs","Emtricitabine/Tenofovir Disoproxil Fumarate 200/300mg [Truvada], tablets, 30 Tabs",300/200mg,30,76,7,26.25,0.88,3.19
"Lamivudine 10mg/ml, oral solution, Bottle, 240 ml","Lamivudine 10mg/ml, oral solution, Bottle, 240 ml",10mg/ml,240,1595,598,1.9,0.01,5.94
"Nevirapine 200mg, tablets, 60 Tabs","Nevirapine 200mg, tablets, 60 Tabs",200mg,60,50000,2773,3.4,0.06,333.2
"Lamivudine/Nevirapine/Stavudine 150/200/30mg, tablets, 60 Tabs","Lamivudine/Nevirapine/Stavudine 150/200/30mg, tablets, 60 Tabs",150/200/30mg,60,92950,6883,7.2,0.12,1311.71
"HIV 1/2, Uni-Gold HIV Kit, 20 Tests","HIV 1/2, Uni-Gold HIV Kit, 20 Tests",,20,1250,394,32,1.6,78.4
"Lamivudine/Nevirapine/Stavudine 30/50/6mg, dispersible tablets, 60 Tabs","Lamivudine/Nevirapine/Stavudine 30/50/6mg, dispersible tablets, 60 Tabs",30/50/6mg,60,1008,303,2.49,0.04,4.92
"Lamivudine/Nevirapine/Stavudine 60/100/12mg, dispersible tablets, 60 Tabs","Lamivudine/Nevirapine/Stavudine 60/100/12mg, dispersible tablets, 60 Tabs",60/100/12mg,60,3600,See DN-953 (ID#:11585),4.54,0.08,32.03
"Lamivudine/Nevirapine/Stavudine 150/200/30mg, tablets, 60 Tabs","Lamivudine/Nevirapine/Stavudine 150/200/30mg, tablets, 60 Tabs",150/200/30mg,60,41922,3190,7.12,0.12,585.03
"Stavudine 1mg/ml, powder for oral solution, 200 ml","Stavudine 1mg/ml, powder for oral solution, 200 ml",1mg/ml,200,3250,315,1.4,0.01,8.92
"Efavirenz 30mg/ml [Stocrin/Sustiva], oral solution, Bottle, 180 ml","Efavirenz 30mg/ml [Stocrin/Sustiva], oral solution, Bottle, 180 ml",30mg/ml,180,1793,See DN-948 (ID#:10994),16.96,0.09,59.6
"Lamivudine/Nevirapine/Zidovudine 150/200/300mg, tablets, 60 Tabs","Lamivudine/Nevirapine/Zidovudine 150/200/300mg, tablets, 60 Tabs",150/300/200mg,60,4704,See DN-968 (ID#:11289),11.8,0.2,108.79
"Emtricitabine/Tenofovir Disoproxil Fumarate 200/300mg [Truvada], tablets, 30 Tabs","Emtricitabine/Tenofovir Disoproxil Fumarate 200/300mg [Truvada], tablets, 30 Tabs",300/200mg,30,67,666,26.25,0.88,3.45
"Lamivudine/Nevirapine/Zidovudine 150/200/300mg, tablets, 60 Tabs","Lamivudine/Nevirapine/Zidovudine 150/200/300mg, tablets, 60 Tabs",150/300/200mg,60,5919,See DN-969 (ID#:11593),11.8,0.2,136.89
"Efavirenz 600mg, tablets, 30 Tabs","Efavirenz 600mg, tablets, 30 Tabs",600mg,30,100000,8645,11,0.37,2156
"Lamivudine/Zidovudine 150/300mg, tablets, 60 Tabs","Lamivudine/Zidovudine 150/300mg, tablets, 60 Tabs",150/300mg,60,58086,8343,9.5,0.16,882.91
"Nevirapine 200mg, tablets, 60 Tabs","Nevirapine 200mg, tablets, 60 Tabs",200mg,60,7306,See DN-1034 (ID#:10732),3.2,0.05,45.82
"Lamivudine/Stavudine 150/30mg, tablets, 30 Tabs","Lamivudine/Stavudine 150/30mg, tablets, 30 Tabs",150/30mg,30,10000,See DN-850 (ID#:10733),2,0.07,32
"Lamivudine/Nevirapine/Stavudine 150/200/30mg, tablets, 60 Tabs","Lamivudine/Nevirapine/Stavudine 150/200/30mg, tablets, 60 Tabs",150/200/30mg,60,92933,7011,7.2,0.12,1311.47
"Lamivudine/Stavudine 150/30mg, tablets, 60 Tabs","Lamivudine/Stavudine 150/30mg, tablets, 60 Tabs",150/30mg,60,21542,1583,3.9,0.06,164.67
"Lamivudine/Nevirapine/Stavudine 150/200/30mg, tablets, 60 Tabs","Lamivudine/Nevirapine/Stavudine 150/200/30mg, tablets, 60 Tabs",150/200/30mg,60,1511,205,7.2,0.12,21.32
"Efavirenz 600mg, tablets, 30 Tabs","Efavirenz 600mg, tablets, 30 Tabs",600mg,30,11549,See DN-1052 (ID#:10737),10.62,0.35,240.39
"Zidovudine 10mg/ml, oral solution, Bottle, 240 ml","Zidovudine 10mg/ml, oral solution, Bottle, 240 ml",10mg/ml,240,14668,5511,2.1,0.01,49.28
"Efavirenz 600mg, tablets, 30 Tabs","Efavirenz 600mg, tablets, 30 Tabs",600mg,30,131808,9996,12.01,0.4,2532.82
"Nevirapine 200mg, tablets, 60 Tabs","Nevirapine 200mg, tablets, 60 Tabs",200mg,60,1524,See DN-1084 (ID#:11295),3.2,0.05,9.56
"Tenofovir Disoproxil Fumarate 300mg, tablets, 30 Tabs","Tenofovir Disoproxil Fumarate 300mg, tablets, 30 Tabs",300mg,30,7000,See DN-1052 (ID#:10737),13.28,0.44,182.2
"Lamivudine/Stavudine 150/30mg, tablets, 30 Tabs","Lamivudine/Stavudine 150/30mg, tablets, 30 Tabs",150/30mg,30,14814,See DN-1052 (ID#:10737),2,0.07,58.07
"HIV 1/2, Uni-Gold HIV Kit, 20 Tests","HIV 1/2, Uni-Gold HIV Kit, 20 Tests",,20,15,16,36,1.8,1.06
"Nevirapine 200mg, tablets, 60 Tabs","Nevirapine 200mg, tablets, 60 Tabs",200mg,60,44440,8276,3.4,0.06,241.75
"Emtricitabine/Tenofovir Disoproxil Fumarate 200/300mg [Truvada], tablets, 30 Tabs","Emtricitabine/Tenofovir Disoproxil Fumarate 200/300mg [Truvada], tablets, 30 Tabs",300/200mg,30,15000,1317,26.25,0.88,630
"Nevirapine 200mg, tablets, 60 Tabs","Nevirapine 200mg, tablets, 60 Tabs",200mg,60,21814,See DN-944 (ID#:11012),3.2,0.05,136.82
"Nevirapine 200mg, tablets, 60 Tabs","Nevirapine 200mg, tablets, 60 Tabs",200mg,60,1923,See DN-1059 (ID#:11016),41.1,0.68,154.91
"Lamivudine/Nevirapine/Stavudine 150/200/30mg, tablets, 60 Tabs","Lamivudine/Nevirapine/Stavudine 150/200/30mg, tablets, 60 Tabs",150/200/30mg,60,3374,250,7.2,0.12,47.61
"Efavirenz 600mg, tablets, 30 Tabs","Efavirenz 600mg, tablets, 30 Tabs",600mg,30,1444,See DN-986 (ID#:10748),11,0.37,31.13
"Lamivudine/Nevirapine/Stavudine 150/200/30mg, tablets, 60 Tabs","Lamivudine/Nevirapine/Stavudine 150/200/30mg, tablets, 60 Tabs",150/200/30mg,60,8258,5147,7.12,0.12,115.24
"Lamivudine/Nevirapine/Zidovudine 150/200/300mg, tablets, 60 Tabs","Lamivudine/Nevirapine/Zidovudine 150/200/300mg, tablets, 60 Tabs",150/300/200mg,60,27588,3146,11.8,0.2,638.06
"Lamivudine/Nevirapine/Stavudine 150/200/30mg, tablets, 60 Tabs","Lamivudine/Nevirapine/Stavudine 150/200/30mg, tablets, 60 Tabs",150/200/30mg,60,11608,1871,7.12,0.12,161.99
"Emtricitabine/Tenofovir Disoproxil Fumarate 200/300mg [Truvada], tablets, 30 Tabs","Emtricitabine/Tenofovir Disoproxil Fumarate 200/300mg [Truvada], tablets, 30 Tabs",300/200mg,30,143,14,26.25,0.88,7.36
"Emtricitabine/Tenofovir Disoproxil Fumarate 200/300mg [Truvada], tablets, 30 Tabs","Emtricitabine/Tenofovir Disoproxil Fumarate 200/300mg [Truvada], tablets, 30 Tabs",300/200mg,30,326,35,26.25,0.88,16.77
"Emtricitabine/Tenofovir Disoproxil Fumarate 200/300mg [Truvada], tablets, 30 Tabs","Emtricitabine/Tenofovir Disoproxil Fumarate 200/300mg [Truvada], tablets, 30 Tabs",300/200mg,30,873,76,26.25,0.88,44.92
"Nevirapine 200mg, tablets, 60 Tabs","Nevirapine 200mg, tablets, 60 Tabs",200mg,60,288,28,3.2,0.05,1.81
"Emtricitabine/Tenofovir Disoproxil Fumarate 200/300mg [Truvada], tablets, 30 Tabs","Emtricitabine/Tenofovir Disoproxil Fumarate 200/300mg [Truvada], tablets, 30 Tabs",300/200mg,30,32696,2873,26.25,0.88,1682.21
"Lamivudine/Nevirapine/Stavudine 150/200/30mg, tablets, 60 Tabs","Lamivudine/Nevirapine/Stavudine 150/200/30mg, tablets, 60 Tabs",150/200/30mg,60,27080,See DN-933 (ID#:10755),7.2,0.12,311.96
"Emtricitabine/Tenofovir Disoproxil Fumarate 200/300mg [Truvada], tablets, 30 Tabs","Emtricitabine/Tenofovir Disoproxil Fumarate 200/300mg [Truvada], tablets, 30 Tabs",300/200mg,30,50,5,26.25,0.88,2.57
"Nevirapine 200mg, tablets, 60 Tabs","Nevirapine 200mg, tablets, 60 Tabs",200mg,60,5754,318,3.2,0.05,36.09
"Stavudine 15mg, capsules, 60 Caps","Stavudine 15mg, capsules, 60 Caps",15mg,60,108,See DN-1205 (ID#:11314),1.5,0.02,0.32
"Lamivudine/Nevirapine/Zidovudine 150/200/300mg, tablets, 60 Tabs","Lamivudine/Nevirapine/Zidovudine 150/200/300mg, tablets, 60 Tabs",150/300/200mg,60,1,See DN-1209 (ID#:10763),11.4,0.19,0.02
"Stavudine 30mg, capsules, 60 Caps","Stavudine 30mg, capsules, 60 Caps",30mg,60,4860,2034,1.49,0.02,14.19
"Lamivudine/Zidovudine 150/300mg, tablets, 60 Tabs","Lamivudine/Zidovudine 150/300mg, tablets, 60 Tabs",150/300mg,60,685,67,8.76,0.15,11.76
"Efavirenz 600mg, tablets, 30 Tabs","Efavirenz 600mg, tablets, 30 Tabs",600mg,30,28454,3279,11,0.37,613.47
"Zidovudine 300mg, tablets, 60 Tabs","Zidovudine 300mg, tablets, 60 Tabs",300mg,60,7300,See DN-1231 (ID#:11044),7.71,0.13,110.31
"Stavudine 20mg, capsules, 60 Caps","Stavudine 20mg, capsules, 60 Caps",20mg,60,477,See DN-1235 (ID#:10769),0.01,0,0.01
"Abacavir 20mg/ml, oral solution, Bottle, 240 ml","Abacavir 20mg/ml, oral solution, Bottle, 240 ml",20mg/ml,240,374,See DN-1235 (ID#:10769),0.01,0,0.01
"Lamivudine/Nevirapine/Zidovudine 150/200/300mg, tablets, 60 Tabs","Lamivudine/Nevirapine/Zidovudine 150/200/300mg, tablets, 60 Tabs",150/300/200mg,60,10371,1273,11.35,0.19,230.71
"Nevirapine 200mg, tablets, 60 Tabs","Nevirapine 200mg, tablets, 60 Tabs",200mg,60,24,21,3,0.05,0.14
"Nevirapine 10mg/ml, oral suspension, Bottle, 240 ml","Nevirapine 10mg/ml, oral suspension, Bottle, 240 ml",10mg/ml,240,3035,1133,1.92,0.01,11.42
"Stavudine 15mg, capsules, 60 Caps","Stavudine 15mg, capsules, 60 Caps",15mg,60,36,See DN-1280 (ID#:10776),1.5,0.02,0.11
"Lamivudine/Zidovudine 150/300mg, tablets, 60 Tabs","Lamivudine/Zidovudine 150/300mg, tablets, 60 Tabs",150/300mg,60,6000,486,8.76,0.15,103.02
"Efavirenz 600mg, tablets, 30 Tabs","Efavirenz 600mg, tablets, 30 Tabs",600mg,30,7300,See DN-1287 (ID#:11055),6.85,0.23,98.01
"Lamivudine/Stavudine 150/30mg, tablets, 60 Tabs","Lamivudine/Stavudine 150/30mg, tablets, 60 Tabs",150/30mg,60,4000,See DN-1289 (ID#:11332),4,0.07,31.36
"Lamivudine 10mg/ml, oral solution, Bottle, 240 ml","Lamivudine 10mg/ml, oral solution, Bottle, 240 ml",10mg/ml,240,3500,1208,1.9,0.01,13.03
"Nevirapine 200mg, tablets, 60 Tabs","Nevirapine 200mg, tablets, 60 Tabs",200mg,60,13325,See DN-1315 (ID#:10781),3,0.05,78.35
"Lamivudine/Nevirapine/Stavudine 150/200/30mg, tablets, 60 Tabs","Lamivudine/Nevirapine/Stavudine 150/200/30mg, tablets, 60 Tabs",150/200/30mg,60,40126,4414,7.12,0.12,559.97
"Lamivudine/Zidovudine 150/300mg, tablets, 60 Tabs","Lamivudine/Zidovudine 150/300mg, tablets, 60 Tabs",150/300mg,60,2484,2078,8.76,0.15,42.65
"Stavudine 30mg, capsules, 60 Caps","Stavudine 30mg, capsules, 60 Caps",30mg,60,370,18,1.49,0.02,1.08
"Lamivudine/Nevirapine/Zidovudine 150/200/300mg, tablets, 60 Tabs","Lamivudine/Nevirapine/Zidovudine 150/200/300mg, tablets, 60 Tabs",150/300/200mg,60,4501,507,11.4,0.19,100.57
"Emtricitabine/Tenofovir Disoproxil Fumarate 200/300mg [Truvada], tablets, 30 Tabs","Emtricitabine/Tenofovir Disoproxil Fumarate 200/300mg [Truvada], tablets, 30 Tabs",300/200mg,30,873,76,26.25,0.88,44.92
"Emtricitabine/Tenofovir Disoproxil Fumarate 200/300mg [Truvada], tablets, 30 Tabs","Emtricitabine/Tenofovir Disoproxil Fumarate 200/300mg [Truvada], tablets, 30 Tabs",300/200mg,30,149824,13037,26.25,0.88,7708.44
"Lamivudine/Zidovudine 150/300mg, tablets, 60 Tabs","Lamivudine/Zidovudine 150/300mg, tablets, 60 Tabs",150/300mg,60,214,19,8.76,0.15,3.67
"Emtricitabine/Tenofovir Disoproxil Fumarate 200/300mg [Truvada], tablets, 30 Tabs","Emtricitabine/Tenofovir Disoproxil Fumarate 200/300mg [Truvada], tablets, 30 Tabs",300/200mg,30,1201,327,26.25,0.88,61.79
"Stavudine 1mg/ml, powder for oral solution, 200 ml","Stavudine 1mg/ml, powder for oral solution, 200 ml",1mg/ml,200,400,39,1.4,0.01,1.1
"Abacavir 300mg, tablets, 60 Tabs","Abacavir 300mg, tablets, 60 Tabs",300mg,60,10406,See DN-1382 (ID#:10788),25.45,0.42,519.07
"Efavirenz 600mg, tablets, 30 Tabs","Efavirenz 600mg, tablets, 30 Tabs",600mg,30,120000,20144,8,0.27,1881.6
"Nevirapine 10mg/ml, oral suspension, Bottle, 240 ml","Nevirapine 10mg/ml, oral suspension, Bottle, 240 ml",10mg/ml,240,2917,1348,1.92,0.01,10.98
"Zidovudine 100mg, capsules, 100 Caps","Zidovudine 100mg, capsules, 100 Caps",100mg,100,3612,See DN-1387 (ID#:11674),5,0.05,35.4
"Lamivudine/Nevirapine/Stavudine 150/200/30mg, tablets, 60 Tabs","Lamivudine/Nevirapine/Stavudine 150/200/30mg, tablets, 60 Tabs",150/200/30mg,60,2393,256,7.12,0.12,33.39
"Nevirapine 200mg, tablets, 60 Tabs","Nevirapine 200mg, tablets, 60 Tabs",200mg,60,4564,847,2.9,0.05,25.94
"Efavirenz 600mg, tablets, 30 Tabs","Efavirenz 600mg, tablets, 30 Tabs",600mg,30,15000,1582,6.85,0.23,201.39
"Lamivudine/Zidovudine 150/300mg, tablets, 60 Tabs","Lamivudine/Zidovudine 150/300mg, tablets, 60 Tabs",150/300mg,60,13000,1051,8.76,0.15,223.2
"Nevirapine 200mg, tablets, 60 Tabs","Nevirapine 200mg, tablets, 60 Tabs",200mg,60,84282,13680,3,0.05,495.58
"Zidovudine 10mg/ml, oral solution, Bottle, 240 ml","Zidovudine 10mg/ml, oral solution, Bottle, 240 ml",10mg/ml,240,5527,5317,2.1,0.01,22.75
"Lamivudine 150mg, tablets, 60 Tabs","Lamivudine 150mg, tablets, 60 Tabs",150mg,60,4400,640,2.44,0.04,21.04
"Lamivudine/Nevirapine/Zidovudine 150/200/300mg, tablets, 60 Tabs","Lamivudine/Nevirapine/Zidovudine 150/200/300mg, tablets, 60 Tabs",150/300/200mg,60,5060,570,11.4,0.19,113.06
"Emtricitabine/Tenofovir Disoproxil Fumarate 200/300mg, tablets, 30 Tabs","Emtricitabine/Tenofovir Disoproxil Fumarate 200/300mg, tablets, 30 Tabs",200/300mg,30,243,22,11.75,0.39,5.6
"Lamivudine/Zidovudine 150/300mg, tablets, 60 Tabs","Lamivudine/Zidovudine 150/300mg, tablets, 60 Tabs",150/300mg,60,9288,979,8.76,0.15,159.47
"Lamivudine/Zidovudine 150/300mg, tablets, 60 Tabs","Lamivudine/Zidovudine 150/300mg, tablets, 60 Tabs",150/300mg,60,16524,1488,8.76,0.15,283.71
"Lamivudine/Nevirapine/Zidovudine 150/200/300mg, tablets, 60 Tabs","Lamivudine/Nevirapine/Zidovudine 150/200/300mg, tablets, 60 Tabs",150/300/200mg,60,350,45,11.35,0.19,7.79
"HIV 1/2, Capillus HIV Kit, 100 Tests","HIV 1/2, Capillus HIV Kit, 100 Tests",,100,300,176,139,1.39,66.72
"Abacavir 300mg, tablets, 60 Tabs","Abacavir 300mg, tablets, 60 Tabs",300mg,60,3752,See DN-1470 (ID#:10798),25.45,0.42,187.16
"Abacavir 20mg/ml, oral solution, Bottle, 240 ml","Abacavir 20mg/ml, oral solution, Bottle, 240 ml",20mg/ml,240,100,18,14.64,0.06,3.16
"Lamivudine/Nevirapine/Zidovudine 150/200/300mg, tablets, 60 Tabs","Lamivudine/Nevirapine/Zidovudine 150/200/300mg, tablets, 60 Tabs",150/300/200mg,60,60840,7663,11.4,0.19,1495.35
"Didanosine 100mg, chewable/dispersible tablets, 60 Tabs","Didanosine 100mg, chewable/dispersible tablets, 60 Tabs",100mg,60,120,See DN-1487 (ID#:11073),0.01,0,0
"Lamivudine 150mg, tablets, 60 Tabs","Lamivudine 150mg, tablets, 60 Tabs",150mg,60,200,See DN-1488 (ID#:11074),0.01,0,0
"Lamivudine/Zidovudine 150/300mg, tablets, 60 Tabs","Lamivudine/Zidovudine 150/300mg, tablets, 60 Tabs",150/300mg,60,31240,2832,8.76,0.15,590.02
"Nevirapine 200mg, tablets, 60 Tabs","Nevirapine 200mg, tablets, 60 Tabs",200mg,60,6661,778,2.9,0.05,41.65
"Stavudine 15mg, capsules, 60 Caps","Stavudine 15mg, capsules, 60 Caps",15mg,60,3287,See DN-15 (ID#:10804),2.35,0.04,
"Tenofovir Disoproxil Fumarate 300mg [Viread], tablets, 30 Tabs","Tenofovir Disoproxil Fumarate 300mg [Viread], tablets, 30 Tabs",300mg,30,384,See DN-16 (ID#:10540),17,0.57,
"HIV 1/2, Determine Complete HIV Kit, 100 Tests","HIV 1/2, Determine Complete HIV Kit, 100 Tests",,100,210,60,80,0.8,
"HIV 1/2, Uni-Gold HIV Kit, 20 Tests","HIV 1/2, Uni-Gold HIV Kit, 20 Tests",,20,3500,1109,32,1.6,
"Zidovudine 300mg, tablets, 60 Tabs","Zidovudine 300mg, tablets, 60 Tabs",300mg,60,4000,Weight Captured Separately,8.52,0.14,
"Lamivudine 10mg/ml, oral solution, Bottle, 240 ml","Lamivudine 10mg/ml, oral solution, Bottle, 240 ml",10mg/ml,240,1200,See DN-72 (ID#:11097),2.2,0.01,
"Lamivudine/Zidovudine+Nevirapine 150/300+200mg, tablets, co-blister, 60+60 Tabs","Lamivudine/Zidovudine+Nevirapine 150/300+200mg, tablets, co-blister, 60+60 Tabs",150/300+200mg,120,2703,401,20.5,0.17,
"HIV 1/2, OraQuick Advance HIV Rapid Antibody Kit, 100 Tests","HIV 1/2, OraQuick Advance HIV Rapid Antibody Kit, 100 Tests",,100,10,24,400,4,
"HIV 1/2, OraQuick Advance HIV Rapid Antibody Kit, 100 Tests","HIV 1/2, OraQuick Advance HIV Rapid Antibody Kit, 100 Tests",,100,15,Weight Captured Separately,400,4,
"Efavirenz 600mg, tablets, 30 Tabs","Efavirenz 600mg, tablets, 30 Tabs",600mg,30,10000,910,16.25,0.54,
"Abacavir 300mg, tablets, 60 Tabs","Abacavir 300mg, tablets, 60 Tabs",300mg,60,68,See DN-71 (ID#:11374),44.05,0.73,
"HIV 1/2, Determine Complete HIV Kit, 100 Tests","HIV 1/2, Determine Complete HIV Kit, 100 Tests",,100,100,32,80,0.8,
"HIV 1/2, Stat-Pak HIV, Kit, 20 Tests","HIV 1/2, Stat-Pak HIV, Kit, 20 Tests",,20,5250,1699,27,1.35,
"Lamivudine/Nevirapine/Stavudine 150/200/30mg, tablets, 60 Tabs","Lamivudine/Nevirapine/Stavudine 150/200/30mg, tablets, 60 Tabs",150/200/30mg,60,9000,992,7.5,0.12,
"Lamivudine/Nevirapine/Zidovudine 150/200/300mg, tablets, 60 Tabs","Lamivudine/Nevirapine/Zidovudine 150/200/300mg, tablets, 60 Tabs",150/300/200mg,60,30000,See DN-44 (ID#:10549),17.5,0.29,
"Lamivudine/Zidovudine 150/300mg, tablets, 60 Tabs","Lamivudine/Zidovudine 150/300mg, tablets, 60 Tabs",150/300mg,60,10000,963,10.25,0.17,
"Lamivudine/Nevirapine/Stavudine 150/200/30mg, tablets, 60 Tabs","Lamivudine/Nevirapine/Stavudine 150/200/30mg, tablets, 60 Tabs",150/200/30mg,60,1000,104,7.5,0.12,
"Lamivudine/Nevirapine/Stavudine 150/200/30mg, tablets, 60 Tabs","Lamivudine/Nevirapine/Stavudine 150/200/30mg, tablets, 60 Tabs",150/200/30mg,60,9000,969,7.5,0.12,
"Zidovudine 300mg, tablets, 60 Tabs","Zidovudine 300mg, tablets, 60 Tabs",300mg,60,534,See DN-187 (ID#:10825),9.77,0.16,8.35
"Efavirenz 200mg, capsule, 90 Caps","Efavirenz 200mg, capsule, 90 Caps",200mg,90,3436,395,16.95,0.19,93.18
"Efavirenz 600mg, tablets, 30 Tabs","Efavirenz 600mg, tablets, 30 Tabs",600mg,30,61468,See DN-199 (ID#:11391),16.26,0.54,1599.15
"Efavirenz 600mg, tablets, 30 Tabs","Efavirenz 600mg, tablets, 30 Tabs",600mg,30,28665,2515,16.26,0.54,
"Lamivudine/Nevirapine/Stavudine 150/200/40mg, tablets, 60 Tabs","Lamivudine/Nevirapine/Stavudine 150/200/40mg, tablets, 60 Tabs",150/200/40mg,60,1370,142,7.7,0.13,
"Zidovudine 300mg, tablets, 60 Tabs","Zidovudine 300mg, tablets, 60 Tabs",300mg,60,470,See DN-141 (ID#:10571),9.77,0.16,
"HIV 1/2, Uni-Gold HIV Kit, 20 Tests","HIV 1/2, Uni-Gold HIV Kit, 20 Tests",,20,150,54,32,1.6,7.68
"Lamivudine/Stavudine 150/30mg, tablets, 30 Tabs","Lamivudine/Stavudine 150/30mg, tablets, 30 Tabs",150/30mg,30,6400,570,2,0.07,20.48
"Lamivudine/Stavudine 150/30mg, tablets, 30 Tabs","Lamivudine/Stavudine 150/30mg, tablets, 30 Tabs",150/30mg,30,1600,See DN-269 (ID#:11738),2,0.07,5.12
"Nevirapine 200mg, tablets, 60 Tabs","Nevirapine 200mg, tablets, 60 Tabs",200mg,60,11807,1802,3.57,0.06,67.44
"HIV 1/2, Uni-Gold HIV Kit, 20 Tests","HIV 1/2, Uni-Gold HIV Kit, 20 Tests",,20,100,36,32,1.6,5.12
"Abacavir 20mg/ml, oral solution, Bottle, 240 ml","Abacavir 20mg/ml, oral solution, Bottle, 240 ml",20mg/ml,240,500,178,16.5,0.07,13.2
"Lamivudine/Zidovudine 150/300mg, tablets, 60 Tabs","Lamivudine/Zidovudine 150/300mg, tablets, 60 Tabs",150/300mg,60,10977,957,10.68,0.18,187.57
"Emtricitabine/Tenofovir Disoproxil Fumarate 200/300mg [Truvada], tablets, 30 Tabs","Emtricitabine/Tenofovir Disoproxil Fumarate 200/300mg [Truvada], tablets, 30 Tabs",300/200mg,30,12000,1005,26.25,0.88,504
"Lopinavir/Ritonavir 200/50mg [Aluvia], tablets, 120 Tabs","Lopinavir/Ritonavir 200/50mg [Aluvia], tablets, 120 Tabs",200/50mg,120,1155,255,41.1,0.34,75.95
"HIV 1/2, Bioline 3.0 Kit, Lancets, Capillary pipets, Alcohol swabs included, 25 Tests","HIV 1/2, Bioline 3.0 Kit, Lancets, Capillary pipets, Alcohol swabs included, 25 Tests",,25,6356,1879,20,0.8,203.39
"HIV 1/2, Uni-Gold HIV Kit, 20 Tests","HIV 1/2, Uni-Gold HIV Kit, 20 Tests",,20,2453,821,32,1.6,125.59
"Abacavir 20mg/ml, oral solution, Bottle, 240 ml","Abacavir 20mg/ml, oral solution, Bottle, 240 ml",20mg/ml,240,1306,See DN-258 (ID#:11425),21.5,0.09,44.93
"Lamivudine/Zidovudine 150/300mg, tablets, 60 Tabs","Lamivudine/Zidovudine 150/300mg, tablets, 60 Tabs",150/300mg,60,10000,See DN-290 (ID#:10859),10.68,0.18,170.88
"Abacavir 300mg, tablets, 60 Tabs","Abacavir 300mg, tablets, 60 Tabs",300mg,60,7661,750,35.8,0.6,438.82
"Lamivudine/Nevirapine/Zidovudine 150/200/300mg, tablets, 60 Tabs","Lamivudine/Nevirapine/Zidovudine 150/200/300mg, tablets, 60 Tabs",150/300/200mg,60,9838,See DN-304 (ID#:10589),17.5,0.29,275.46
"Efavirenz 50mg, capsule, 30 Caps","Efavirenz 50mg, capsule, 30 Caps",50mg,30,2414,See DN-304 (ID#:10589),3.42,0.11,13.21
"Efavirenz 50mg [Stocrin/Sustiva], capsule, 30 Caps","Efavirenz 50mg [Stocrin/Sustiva], capsule, 30 Caps",50mg,30,485,285,3.47,0.12,2.69
"Efavirenz 50mg [Stocrin/Sustiva], capsule, 30 Caps","Efavirenz 50mg [Stocrin/Sustiva], capsule, 30 Caps",50mg,30,4515,See DN-314 (ID#:11757),3.47,0.12,25.07
"HIV 1/2, Determine Complete HIV Kit, 100 Tests","HIV 1/2, Determine Complete HIV Kit, 100 Tests",,100,1500,343,80,0.8,192
"Lamivudine/Nevirapine/Stavudine 150/200/30mg, tablets, 60 Tabs","Lamivudine/Nevirapine/Stavudine 150/200/30mg, tablets, 60 Tabs",150/200/30mg,60,125000,12779,7.4,0.12,1480
"Nevirapine 200mg, tablets, 60 Tabs","Nevirapine 200mg, tablets, 60 Tabs",200mg,60,1629,152,3.67,0.06,9.57
"Stavudine 20mg, capsules, 60 Caps","Stavudine 20mg, capsules, 60 Caps",20mg,60,1119,1581,1.75,0.03,3.13
"Lamivudine 10mg/ml, oral solution, Bottle, 240 ml","Lamivudine 10mg/ml, oral solution, Bottle, 240 ml",10mg/ml,240,2523,See DN-320 (ID#:10593),1.97,0.01,7.95
"Zidovudine 300mg, tablets, 60 Tabs","Zidovudine 300mg, tablets, 60 Tabs",300mg,60,7586,See DN-320 (ID#:10593),8.15,0.14,98.92
"HIV 1/2, Determine Complete HIV Kit, 100 Tests","HIV 1/2, Determine Complete HIV Kit, 100 Tests",,100,170,39,80,0.8,21.76
"Nevirapine 10mg/ml, oral suspension, Bottle, 240 ml","Nevirapine 10mg/ml, oral suspension, Bottle, 240 ml",10mg/ml,240,2938,See DN-324 (ID#:10610),1.92,0.01,9.03
"Efavirenz 600mg, tablets, 30 Tabs","Efavirenz 600mg, tablets, 30 Tabs",600mg,30,1860,3951,12.42,0.41,36.96
"Ritonavir 100mg [Norvir], capsules, cool, 4 x 84 Caps","Ritonavir 100mg [Norvir], capsules, cool, 4 x 84 Caps",100mg,336,1455,See DN-379 (ID#:10890),38.36,0.11,89.3
"Abacavir 300mg, tablets, 60 Tabs","Abacavir 300mg, tablets, 60 Tabs",300mg,60,2489,See DN-384 (ID#:10901),27.53,0.46,109.64
"Lamivudine/Zidovudine 150/300mg, tablets, 60 Tabs","Lamivudine/Zidovudine 150/300mg, tablets, 60 Tabs",150/300mg,60,60060,See DN-384 (ID#:10901),6.2,0.1,595.8
"HIV 1/2, Bioline 3.0 Kit, Lancets, Capillary pipets, Alcohol swabs included, 25 Tests","HIV 1/2, Bioline 3.0 Kit, Lancets, Capillary pipets, Alcohol swabs included, 25 Tests",,25,9200,3327,20,0.8,294.4
"Zidovudine 10mg/ml, oral solution, Bottle, 240 ml","Zidovudine 10mg/ml, oral solution, Bottle, 240 ml",10mg/ml,240,6777,2510,2.15,0.01,23.31
"Tenofovir Disoproxil Fumarate 300mg [Viread], tablets, 30 Tabs","Tenofovir Disoproxil Fumarate 300mg [Viread], tablets, 30 Tabs",300mg,30,2989,186,17,0.57,81.3
"Lopinavir/Ritonavir 200/50mg [Aluvia], tablets, 120 Tabs","Lopinavir/Ritonavir 200/50mg [Aluvia], tablets, 120 Tabs",200/50mg,120,12240,2678,41.1,0.34,804.9
"Indinavir 400mg [Crixivan], capsules, 180 Caps","Indinavir 400mg [Crixivan], capsules, 180 Caps",400mg,180,840,See DN-426 (ID#:10633),50,0.28,67.2
"Efavirenz 600mg, tablets, 30 Tabs","Efavirenz 600mg, tablets, 30 Tabs",600mg,30,12740,987,11,0.37,274.67
"Lamivudine/Nevirapine/Stavudine 150/200/30mg, tablets, 60 Tabs","Lamivudine/Nevirapine/Stavudine 150/200/30mg, tablets, 60 Tabs",150/200/30mg,60,30000,See DN-426 (ID#:10633),7.4,0.12,355.2
"Lamivudine 10mg/ml, oral solution, Bottle, 240 ml","Lamivudine 10mg/ml, oral solution, Bottle, 240 ml",10mg/ml,240,13124,5309,1.97,0.01,41.37
"Nevirapine 10mg/ml, oral suspension, Bottle, 240 ml","Nevirapine 10mg/ml, oral suspension, Bottle, 240 ml",10mg/ml,240,35,See DN-422 (ID#:10634),6.2,0.03,0.35
"Lamivudine/Nevirapine/Stavudine 150/200/30mg, tablets, 60 Tabs","Lamivudine/Nevirapine/Stavudine 150/200/30mg, tablets, 60 Tabs",150/200/30mg,60,22240,2262,7.4,0.12,263.32
"Zidovudine 300mg, tablets, 60 Tabs","Zidovudine 300mg, tablets, 60 Tabs",300mg,60,14490,See DN-434 (ID#:11483),8.15,0.14,188.95
"Lamivudine 10mg/ml, oral solution, Bottle, 240 ml","Lamivudine 10mg/ml, oral solution, Bottle, 240 ml",10mg/ml,240,6000,See DN-434 (ID#:11483),1.97,0.01,18.91
"Lamivudine 150mg, tablets, 60 Tabs","Lamivudine 150mg, tablets, 60 Tabs",150mg,60,20797,See DN-434 (ID#:11483),3.04,0.05,101.16
"Lopinavir/Ritonavir 200/50mg [Aluvia], tablets, 120 Tabs","Lopinavir/Ritonavir 200/50mg [Aluvia], tablets, 120 Tabs",200/50mg,120,100,285,41.1,0.34,6.58
"HIV 2, New LAV Blot 2 HIV Kit, 18 Tests","HIV 2, New LAV Blot 2 HIV Kit, 18 Tests",,18,12,39,308.17,17.12,5.92
"HIV 1/2, Determine HIV Kit, without Lancets, 100 Tests","HIV 1/2, Determine HIV Kit, without Lancets, 100 Tests",,100,1250,296,71.99,0.72,143.98
"Lamivudine/Zidovudine 150/300mg, tablets, 60 Tabs","Lamivudine/Zidovudine 150/300mg, tablets, 60 Tabs",150/300mg,60,92144,See DN-482 (ID#:11496),9.5,0.16,1400.59
"HIV, Lancet, Safety, for HIV Test kits, 100 Pcs","HIV, Lancet, Safety, for HIV Test kits, 100 Pcs",,100,405,See DN-500 (ID#:11213),0.01,0,0.01
"Nevirapine 10mg/ml, oral suspension, Bottle, 240 ml","Nevirapine 10mg/ml, oral suspension, Bottle, 240 ml",10mg/ml,240,11168,4583,6.2,0.03,110.79
"Efavirenz 200mg, capsule, 90 Caps","Efavirenz 200mg, capsule, 90 Caps",200mg,90,672,128,16,0.18,17.2
"Efavirenz 200mg, capsule, 90 Caps","Efavirenz 200mg, capsule, 90 Caps",200mg,90,400,48,16,0.18,10.24
"Nevirapine 200mg, tablets, 60 Tabs","Nevirapine 200mg, tablets, 60 Tabs",200mg,60,125,See DN-535 (ID#:10658),3.4,0.06,0.68
"Zidovudine 10mg/ml, oral solution, Bottle, 240 ml","Zidovudine 10mg/ml, oral solution, Bottle, 240 ml",10mg/ml,240,3286,1215,2.15,0.01,11.3
"Lamivudine/Nevirapine/Stavudine 150/200/30mg, tablets, 60 Tabs","Lamivudine/Nevirapine/Stavudine 150/200/30mg, tablets, 60 Tabs",150/200/30mg,60,34732,See DN-488 (ID#:10652),7.4,0.12,411.23
"Lopinavir/Ritonavir 200/50mg [Aluvia], tablets, 120 Tabs","Lopinavir/Ritonavir 200/50mg [Aluvia], tablets, 120 Tabs",200/50mg,120,180,See DN-489 (ID#:11516),41.1,0.34,11.84
"Efavirenz 600mg, tablets, 30 Tabs","Efavirenz 600mg, tablets, 30 Tabs",600mg,30,37258,3195,12.42,0.41,740.39
"Efavirenz 600mg, tablets, 30 Tabs","Efavirenz 600mg, tablets, 30 Tabs",600mg,30,818,See DN-535 (ID#:10658),12.42,0.41,16.26
"Lamivudine/Nevirapine/Stavudine 150/200/30mg, tablets, 60 Tabs","Lamivudine/Nevirapine/Stavudine 150/200/30mg, tablets, 60 Tabs",150/200/30mg,60,22500,See DN-569 (ID#:11224),7.4,0.12,266.4
"HIV 1/2, Determine HIV Kit, without Lancets, 100 Tests","HIV 1/2, Determine HIV Kit, without Lancets, 100 Tests",,100,1250,362,71.99,0.72,143.98
"Efavirenz 600mg, tablets, 30 Tabs","Efavirenz 600mg, tablets, 30 Tabs",600mg,30,44135,4082,12.42,0.41,877.05
"Nevirapine 10mg/ml, oral suspension, Bottle, 240 ml","Nevirapine 10mg/ml, oral suspension, Bottle, 240 ml",10mg/ml,240,965,344,1.92,0.01,2.96
"Nevirapine 10mg/ml, oral suspension, Bottle, 240 ml","Nevirapine 10mg/ml, oral suspension, Bottle, 240 ml",10mg/ml,240,5581,1988,1.92,0.01,17.14
"Lamivudine 150mg, tablets, 60 Tabs","Lamivudine 150mg, tablets, 60 Tabs",150mg,60,48671,2533,3.04,0.05,236.74
"Efavirenz 600mg, tablets, 30 Tabs","Efavirenz 600mg, tablets, 30 Tabs",600mg,30,3364,369,12.42,0.41,66.85
"Emtricitabine/Tenofovir Disoproxil Fumarate 200/300mg [Truvada], tablets, 30 Tabs","Emtricitabine/Tenofovir Disoproxil Fumarate 200/300mg [Truvada], tablets, 30 Tabs",300/200mg,30,656,See DN-550 (ID#:11846),26.25,0.88,27.55
"Nevirapine 200mg, tablets, 60 Tabs","Nevirapine 200mg, tablets, 60 Tabs",200mg,60,55560,5181,3.4,0.06,302.25
"Lopinavir/Ritonavir 200/50mg [Aluvia], tablets, 120 Tabs","Lopinavir/Ritonavir 200/50mg [Aluvia], tablets, 120 Tabs",200/50mg,120,2580,See DN-559 (ID#:10940),41.1,0.34,169.66
"Nevirapine 10mg/ml, oral suspension, Bottle, 240 ml","Nevirapine 10mg/ml, oral suspension, Bottle, 240 ml",10mg/ml,240,2712,See DN-581 (ID#:10667),1.92,0.01,8.33
"Lopinavir/Ritonavir 80/20mg/ml [Kaletra], oral solution, cool, Bottle 5 x 60 ml","Lopinavir/Ritonavir 80/20mg/ml [Kaletra], oral solution, cool, Bottle 5 x 60 ml",80/20mg/ml,300,746,Weight Captured Separately,41.1,0.14,49.06
"Lamivudine/Stavudine 150/30mg, tablets, 30 Tabs","Lamivudine/Stavudine 150/30mg, tablets, 30 Tabs",150/30mg,30,1600,See DN-604 (ID#:11527),2,0.07,5.12
"Lamivudine/Nevirapine/Stavudine 150/200/30mg, tablets, 60 Tabs","Lamivudine/Nevirapine/Stavudine 150/200/30mg, tablets, 60 Tabs",150/200/30mg,60,37240,See DN-604 (ID#:11527),7.4,0.12,440.92
"Zidovudine 10mg/ml, oral solution, Bottle, 240 ml","Zidovudine 10mg/ml, oral solution, Bottle, 240 ml",10mg/ml,240,3264,See DN-685 (ID#:11234),2.15,0.01,11.23
"Tenofovir Disoproxil Fumarate 300mg [Viread], tablets, 30 Tabs","Tenofovir Disoproxil Fumarate 300mg [Viread], tablets, 30 Tabs",300mg,30,109,422,17,0.57,2.96
"Lamivudine/Nevirapine/Stavudine 150/200/30mg, tablets, 60 Tabs","Lamivudine/Nevirapine/Stavudine 150/200/30mg, tablets, 60 Tabs",150/200/30mg,60,50000,See DN-823 (ID#:11271),7.2,0.12,576
"Lopinavir/Ritonavir 200/50mg [Aluvia], tablets, 120 Tabs","Lopinavir/Ritonavir 200/50mg [Aluvia], tablets, 120 Tabs",200/50mg,120,240,52,41.1,0.34,15.78
"Zidovudine 300mg, tablets, 60 Tabs","Zidovudine 300mg, tablets, 60 Tabs",300mg,60,3075,See DN-737 (ID#:11533),8,0.13,39.36
"Emtricitabine/Tenofovir Disoproxil Fumarate 200/300mg [Truvada], tablets, 30 Tabs","Emtricitabine/Tenofovir Disoproxil Fumarate 200/300mg [Truvada], tablets, 30 Tabs",300/200mg,30,3359,300,26.25,0.88,141.08
"Emtricitabine/Tenofovir Disoproxil Fumarate 200/300mg [Truvada], tablets, 30 Tabs","Emtricitabine/Tenofovir Disoproxil Fumarate 200/300mg [Truvada], tablets, 30 Tabs",300/200mg,30,641,58,26.25,0.88,26.92
"Nevirapine 200mg, tablets, 60 Tabs","Nevirapine 200mg, tablets, 60 Tabs",200mg,60,50000,4733,3.4,0.06,272
"Lamivudine/Nevirapine/Zidovudine 150/200/300mg, tablets, 60 Tabs","Lamivudine/Nevirapine/Zidovudine 150/200/300mg, tablets, 60 Tabs",150/300/200mg,60,16610,1832,13.28,0.22,352.93
"Lamivudine/Nevirapine/Stavudine 150/200/30mg, tablets, 60 Tabs","Lamivudine/Nevirapine/Stavudine 150/200/30mg, tablets, 60 Tabs",150/200/30mg,60,37240,7806,7.4,0.12,440.92
"Lamivudine 10mg/ml, oral solution, Bottle, 240 ml","Lamivudine 10mg/ml, oral solution, Bottle, 240 ml",10mg/ml,240,7700,See DN-761 (ID#:10951),1.97,0.01,24.27
"Nevirapine 200mg, tablets, 60 Tabs","Nevirapine 200mg, tablets, 60 Tabs",200mg,60,55560,3224,3.4,0.06,302.25
"Ritonavir 100mg [Norvir], capsules, cool, 84 Caps","Ritonavir 100mg [Norvir], capsules, cool, 84 Caps",100mg,84,630,185,9.59,0.11,9.67
"HIV 1/2, Determine HIV Kit, without Lancets, 100 Tests","HIV 1/2, Determine HIV Kit, without Lancets, 100 Tests",,100,152,See DN-617 (ID#:11236),71.99,0.72,17.51
"Nevirapine 10mg/ml, oral suspension, Bottle, 240 ml","Nevirapine 10mg/ml, oral suspension, Bottle, 240 ml",10mg/ml,240,3008,See DN-673 (ID#:10682),1.92,0.01,9.24
"#108853** HIV, Genie II HIV-1/HIV-2 Kit, 40 Tests","#108853** HIV, Genie II HIV-1/HIV-2 Kit, 40 Tests",,40,415,453,76,1.9,50.46
"Lamivudine/Nevirapine/Stavudine 150/200/30mg, tablets, 60 Tabs","Lamivudine/Nevirapine/Stavudine 150/200/30mg, tablets, 60 Tabs",150/200/30mg,60,9180,See DN-800 (ID#:10953),7.4,0.12,108.69
"Stavudine 15mg, capsules, 60 Caps","Stavudine 15mg, capsules, 60 Caps",15mg,60,127,See DN-744 (ID#:10684),1.5,0.02,0.3
"Efavirenz 600mg, tablets, 30 Tabs","Efavirenz 600mg, tablets, 30 Tabs",600mg,30,25000,2173,12.01,0.4,480.4
"Lamivudine/Zidovudine 150/300mg, tablets, 60 Tabs","Lamivudine/Zidovudine 150/300mg, tablets, 60 Tabs",150/300mg,60,50000,See DN-625 (ID#:10956),9.45,0.16,756
"Zidovudine 300mg, tablets, 60 Tabs","Zidovudine 300mg, tablets, 60 Tabs",300mg,60,5641,See DN-834 (ID#:10686),8.15,0.14,73.56
"Lamivudine/Zidovudine 150/300mg, tablets, 60 Tabs","Lamivudine/Zidovudine 150/300mg, tablets, 60 Tabs",150/300mg,60,28896,See DN-733 (ID#:10688),9.45,0.16,436.91
"Stavudine 1mg/ml, powder for oral solution, 200 ml","Stavudine 1mg/ml, powder for oral solution, 200 ml",1mg/ml,200,3229,See DN-734 (ID#:10689),1.4,0.01,7.23
"Efavirenz 600mg, tablets, 30 Tabs","Efavirenz 600mg, tablets, 30 Tabs",600mg,30,1860,See DN-770 (ID#:10959),12.42,0.41,36.96
"Didanosine 100mg, chewable/dispersible tablets, 60 Tabs","Didanosine 100mg, chewable/dispersible tablets, 60 Tabs",100mg,60,11640,2427,7.75,0.13,144.34
"Efavirenz 30mg/ml [Stocrin/Sustiva], oral solution, Bottle, 180 ml","Efavirenz 30mg/ml [Stocrin/Sustiva], oral solution, Bottle, 180 ml",30mg/ml,180,1503,608,16.96,0.09,40.79
"Zidovudine 300mg, tablets, 60 Tabs","Zidovudine 300mg, tablets, 60 Tabs",300mg,60,46,See DN-797 (ID#:10966),8,0.13,0.59
"Lamivudine 150mg, tablets, 60 Tabs","Lamivudine 150mg, tablets, 60 Tabs",150mg,60,2871,144,3.04,0.05,13.96
"Saquinavir 200mg [Invirase], capsules, 270 Caps","Saquinavir 200mg [Invirase], capsules, 270 Caps",200mg,270,977,490,78.64,0.29,122.93
"Efavirenz 600mg, tablets, 30 Tabs","Efavirenz 600mg, tablets, 30 Tabs",600mg,30,120000,9022,8,0.27,1881.6
"Lamivudine/Nevirapine/Zidovudine 150/200/300mg, tablets, 60 Tabs","Lamivudine/Nevirapine/Zidovudine 150/200/300mg, tablets, 60 Tabs",150/300/200mg,60,19000,See DN-698 (ID#:10970),13.5,0.22,410.4
"Efavirenz 600mg, tablets, 30 Tabs","Efavirenz 600mg, tablets, 30 Tabs",600mg,30,18451,1636,12.42,0.41,366.66
"Nevirapine 200mg, tablets, 60 Tabs","Nevirapine 200mg, tablets, 60 Tabs",200mg,60,100731,See DN-634 (ID#:10972),3.4,0.06,547.98
"Zidovudine 300mg, tablets, 60 Tabs","Zidovudine 300mg, tablets, 60 Tabs",300mg,60,525,395,8.15,0.14,6.85
"Efavirenz 600mg, tablets, 30 Tabs","Efavirenz 600mg, tablets, 30 Tabs",600mg,30,1031,236,12.01,0.4,19.81
"HIV 1/2, Determine HIV Kit, without Lancets, 100 Tests","HIV 1/2, Determine HIV Kit, without Lancets, 100 Tests",,100,90,21,71.99,0.72,10.37
"Lamivudine 10mg/ml, oral solution, Bottle, 240 ml","Lamivudine 10mg/ml, oral solution, Bottle, 240 ml",10mg/ml,240,2135,See DN-690 (ID#:10706),1.97,0.01,6.73
"HIV 1/2, Bioline 3.0 Kit, Lancets, Capillary pipets, Alcohol swabs included, 25 Tests","HIV 1/2, Bioline 3.0 Kit, Lancets, Capillary pipets, Alcohol swabs included, 25 Tests",,25,2688,965,20,0.8,86.02
"Lamivudine 10mg/ml, oral solution, Bottle, 240 ml","Lamivudine 10mg/ml, oral solution, Bottle, 240 ml",10mg/ml,240,1000,346,1.92,0.01,3.07
"Zidovudine 10mg/ml, oral solution, Bottle, 240 ml","Zidovudine 10mg/ml, oral solution, Bottle, 240 ml",10mg/ml,240,1440,538,2.1,0.01,4.84
"Efavirenz 600mg, tablets, 30 Tabs","Efavirenz 600mg, tablets, 30 Tabs",600mg,30,27070,See DN-946 (ID#:10983),11,0.37,476.43
"Lamivudine/Nevirapine/Stavudine 150/200/30mg, tablets, 60 Tabs","Lamivudine/Nevirapine/Stavudine 150/200/30mg, tablets, 60 Tabs",150/200/30mg,60,76000,See DN-1015 (ID#:11561),7.4,0.12,1102.3
"Efavirenz 600mg, tablets, 30 Tabs","Efavirenz 600mg, tablets, 30 Tabs",600mg,30,5147,See DN-998 (ID#:11568),11,0.37,110.97
"Efavirenz 30mg/ml [Stocrin/Sustiva], oral solution, Bottle, 180 ml","Efavirenz 30mg/ml [Stocrin/Sustiva], oral solution, Bottle, 180 ml",30mg/ml,180,150,702,16.96,0.09,4.07
"Zidovudine 10mg/ml, oral solution, Bottle, 240 ml","Zidovudine 10mg/ml, oral solution, Bottle, 240 ml",10mg/ml,240,1760,See DN-859 (ID#:11907),2.1,0.01,5.91
"Stavudine 30mg, capsules, 60 Caps","Stavudine 30mg, capsules, 60 Caps",30mg,60,13380,925,1.55,0.03,33.18
"Lamivudine/Zidovudine 150/300mg, tablets, 60 Tabs","Lamivudine/Zidovudine 150/300mg, tablets, 60 Tabs",150/300mg,60,1001,82,9.35,0.16,14.97
"Lamivudine/Nevirapine/Zidovudine 150/200/300mg, tablets, 60 Tabs","Lamivudine/Nevirapine/Zidovudine 150/200/300mg, tablets, 60 Tabs",150/300/200mg,60,10812,See DN-1105 (ID#:11303),11.8,0.2,250.06
"HIV 1/2, Uni-Gold HIV Kit, 20 Tests","HIV 1/2, Uni-Gold HIV Kit, 20 Tests",,20,4926,2695,32,1.6,252.21
"HIV 1/2, Determine HIV Kit, without Lancets, 100 Tests","HIV 1/2, Determine HIV Kit, without Lancets, 100 Tests",,100,12,See DN-1004 (ID#:11280),99.99,1,2.35
"Efavirenz 600mg, tablets, 30 Tabs","Efavirenz 600mg, tablets, 30 Tabs",600mg,30,25000,6124,12.01,0.4,480.4
"Zidovudine 10mg/ml, oral solution, Bottle, 240 ml","Zidovudine 10mg/ml, oral solution, Bottle, 240 ml",10mg/ml,240,2613,979,2.1,0.01,8.78
"Nevirapine 200mg, tablets, 60 Tabs","Nevirapine 200mg, tablets, 60 Tabs",200mg,60,20989,1162,3.4,0.06,139.87
"Nevirapine 200mg, tablets, 60 Tabs","Nevirapine 200mg, tablets, 60 Tabs",200mg,60,4703,455,3.2,0.05,29.5
"Lamivudine/Zidovudine 150/300mg, tablets, 60 Tabs","Lamivudine/Zidovudine 150/300mg, tablets, 60 Tabs",150/300mg,60,2339,See DN-909 (ID#:10727),9.35,0.16,34.99
"Abacavir 300mg, tablets, 60 Tabs","Abacavir 300mg, tablets, 60 Tabs",300mg,60,3000,187,25.58,0.43,150.41
"Lamivudine 150mg, tablets, 60 Tabs","Lamivudine 150mg, tablets, 60 Tabs",150mg,60,10530,544,2.44,0.04,50.36
"Didanosine 100mg, chewable/dispersible tablets, 60 Tabs","Didanosine 100mg, chewable/dispersible tablets, 60 Tabs",100mg,60,11640,See DN-893 (ID#:11596),7.75,0.13,144.34
"Efavirenz 600mg, tablets, 30 Tabs","Efavirenz 600mg, tablets, 30 Tabs",600mg,30,24350,See DN-1034 (ID#:10732),11,0.37,524.99
"HIV 1/2, Uni-Gold HIV Kit, 20 Tests","HIV 1/2, Uni-Gold HIV Kit, 20 Tests",,20,500,163,32,1.6,25.6
"Stavudine 1mg/ml, powder for oral solution, 200 ml","Stavudine 1mg/ml, powder for oral solution, 200 ml",1mg/ml,200,1200,115,1.4,0.01,3.29
"Emtricitabine/Tenofovir Disoproxil Fumarate 200/300mg [Truvada], tablets, 30 Tabs","Emtricitabine/Tenofovir Disoproxil Fumarate 200/300mg [Truvada], tablets, 30 Tabs",300/200mg,30,37666,3273,26.25,0.88,1937.92
"Emtricitabine/Tenofovir Disoproxil Fumarate 200/300mg [Truvada], tablets, 30 Tabs","Emtricitabine/Tenofovir Disoproxil Fumarate 200/300mg [Truvada], tablets, 30 Tabs",300/200mg,30,4,See DN-917 (ID#:10745),26.25,0.88,0.17
"Lamivudine/Zidovudine 150/300mg, tablets, 60 Tabs","Lamivudine/Zidovudine 150/300mg, tablets, 60 Tabs",150/300mg,60,1054,See DN-917 (ID#:10745),9.35,0.16,15.77
"Lamivudine/Nevirapine/Stavudine 150/200/30mg, tablets, 60 Tabs","Lamivudine/Nevirapine/Stavudine 150/200/30mg, tablets, 60 Tabs",150/200/30mg,60,4953,See DN-917 (ID#:10745),7.4,0.12,58.64
"Stavudine 30mg, capsules, 60 Caps","Stavudine 30mg, capsules, 60 Caps",30mg,60,12000,See DN-944 (ID#:11012),1.55,0.03,36.46
"Abacavir 20mg/ml, oral solution, Bottle, 240 ml","Abacavir 20mg/ml, oral solution, Bottle, 240 ml",20mg/ml,240,350,See DN-944 (ID#:11012),16.15,0.07,11.08
"Abacavir 300mg, tablets, 60 Tabs","Abacavir 300mg, tablets, 60 Tabs",300mg,60,450,47,25.45,0.42,22.45
"Efavirenz 600mg, tablets, 30 Tabs","Efavirenz 600mg, tablets, 30 Tabs",600mg,30,4200,621,11.72,0.39,78.76
"Lamivudine/Nevirapine/Stavudine 150/200/30mg, tablets, 60 Tabs","Lamivudine/Nevirapine/Stavudine 150/200/30mg, tablets, 60 Tabs",150/200/30mg,60,2011,6650,7.4,0.12,23.81
"Efavirenz 600mg, tablets, 30 Tabs","Efavirenz 600mg, tablets, 30 Tabs",600mg,30,2139,See DN-945 (ID#:11018),11,0.37,37.65
"Lamivudine/Zidovudine 150/300mg, tablets, 60 Tabs","Lamivudine/Zidovudine 150/300mg, tablets, 60 Tabs",150/300mg,60,93000,See DN-945 (ID#:11018),9.35,0.16,1391.28
"Lamivudine/Nevirapine/Stavudine 150/200/30mg, tablets, 60 Tabs","Lamivudine/Nevirapine/Stavudine 150/200/30mg, tablets, 60 Tabs",150/200/30mg,60,2855,See DN-1060 (ID#:11618),7.12,0.12,39.84
"Stavudine 30mg, capsules, 60 Caps","Stavudine 30mg, capsules, 60 Caps",30mg,60,7876,5588,1.52,0.03,23.46
"Emtricitabine/Tenofovir Disoproxil Fumarate 200/300mg [Truvada], tablets, 30 Tabs","Emtricitabine/Tenofovir Disoproxil Fumarate 200/300mg [Truvada], tablets, 30 Tabs",300/200mg,30,32696,See DN-960 (ID#:11945),26.25,0.88,1682.21
"Efavirenz 200mg, capsule, 90 Caps","Efavirenz 200mg, capsule, 90 Caps",200mg,90,1132,See DN-960 (ID#:11945),16,0.18,35.5
"Emtricitabine/Tenofovir Disoproxil Fumarate 200/300mg [Truvada], tablets, 30 Tabs","Emtricitabine/Tenofovir Disoproxil Fumarate 200/300mg [Truvada], tablets, 30 Tabs",300/200mg,30,100000,88190,26.25,0.88,5145
"Lamivudine 10mg/ml, oral solution, Bottle, 240 ml","Lamivudine 10mg/ml, oral solution, Bottle, 240 ml",10mg/ml,240,833,See DN-1124 (ID#:11620),1.9,0.01,3.1
"Lamivudine/Nevirapine/Stavudine 150/200/30mg, tablets, 60 Tabs","Lamivudine/Nevirapine/Stavudine 150/200/30mg, tablets, 60 Tabs",150/200/30mg,60,19290,2096,7.2,0.12,272.22
"Stavudine 1mg/ml, powder for oral solution, 200 ml","Stavudine 1mg/ml, powder for oral solution, 200 ml",1mg/ml,200,800,77,1.4,0.01,2.2
"Efavirenz 600mg, tablets, 30 Tabs","Efavirenz 600mg, tablets, 30 Tabs",600mg,30,20880,1603,12.01,0.4,401.23
"Efavirenz 600mg, tablets, 30 Tabs","Efavirenz 600mg, tablets, 30 Tabs",600mg,30,30654,See DN-988 (ID#:11022),11.72,0.39,704.16
"Lamivudine/Nevirapine/Zidovudine 150/200/300mg, tablets, 60 Tabs","Lamivudine/Nevirapine/Zidovudine 150/200/300mg, tablets, 60 Tabs",150/300/200mg,60,63940,7189,11.4,0.19,1428.68
"Lamivudine/Nevirapine/Zidovudine 150/200/300mg, tablets, 60 Tabs","Lamivudine/Nevirapine/Zidovudine 150/200/300mg, tablets, 60 Tabs",150/300/200mg,60,4314,485,11.4,0.19,96.39
"Lopinavir/Ritonavir 200/50mg [Aluvia], tablets, 120 Tabs","Lopinavir/Ritonavir 200/50mg [Aluvia], tablets, 120 Tabs",200/50mg,120,1764,Weight Captured Separately,41.1,0.34,142.1
"Lopinavir/Ritonavir 200/50mg [Aluvia], tablets, 120 Tabs","Lopinavir/Ritonavir 200/50mg [Aluvia], tablets, 120 Tabs",200/50mg,120,1544,Weight Captured Separately,41.1,0.34,124.38
"Efavirenz 600mg, tablets, 30 Tabs","Efavirenz 600mg, tablets, 30 Tabs",600mg,30,5000,See DN-933 (ID#:10755),11,0.37,88
"Lopinavir/Ritonavir 80/20mg/ml [Kaletra], oral solution, cool, Bottle 5 x 60 ml","Lopinavir/Ritonavir 80/20mg/ml [Kaletra], oral solution, cool, Bottle 5 x 60 ml",80/20mg/ml,300,1500,See DN-1163 (ID#:11030),41.1,0.14,120.83
"Nevirapine 200mg, tablets, 60 Tabs","Nevirapine 200mg, tablets, 60 Tabs",200mg,60,7511,Weight Captured Separately,3.4,0.06,50.05
"Abacavir 20mg/ml, oral solution, Bottle, 240 ml","Abacavir 20mg/ml, oral solution, Bottle, 240 ml",20mg/ml,240,352,125,15,0.06,10.35
"Abacavir 20mg/ml, oral solution, Bottle, 240 ml","Abacavir 20mg/ml, oral solution, Bottle, 240 ml",20mg/ml,240,274,98,15,0.06,8.06
"Lamivudine/Nevirapine/Zidovudine 150/200/300mg, tablets, 60 Tabs","Lamivudine/Nevirapine/Zidovudine 150/200/300mg, tablets, 60 Tabs",150/300/200mg,60,10808,1320,11.8,0.2,249.97
"Efavirenz 200mg, capsule, 90 Caps","Efavirenz 200mg, capsule, 90 Caps",200mg,90,170,See DN-1193 (ID#:11312),0.01,0,0
"Emtricitabine/Tenofovir Disoproxil Fumarate 200/300mg [Truvada], tablets, 30 Tabs","Emtricitabine/Tenofovir Disoproxil Fumarate 200/300mg [Truvada], tablets, 30 Tabs",300/200mg,30,2067,235,26.25,0.88,106.35
"Lamivudine 10mg/ml, oral solution, Bottle, 240 ml","Lamivudine 10mg/ml, oral solution, Bottle, 240 ml",10mg/ml,240,2345,See DN-1221 (ID#:11636),1.9,0.01,8.73
"Stavudine 30mg, capsules, 60 Caps","Stavudine 30mg, capsules, 60 Caps",30mg,60,630,See DN-1231 (ID#:11044),1.49,0.02,1.84
"Efavirenz 200mg, capsule, 90 Caps","Efavirenz 200mg, capsule, 90 Caps",200mg,90,1680,3337,15.26,0.17,50.25
"Efavirenz 200mg, capsule, 90 Caps","Efavirenz 200mg, capsule, 90 Caps",200mg,90,1417,See DN-1238 (ID#:11046),12.73,0.14,35.36
"Lamivudine/Nevirapine/Zidovudine 150/200/300mg, tablets, 60 Tabs","Lamivudine/Nevirapine/Zidovudine 150/200/300mg, tablets, 60 Tabs",150/300/200mg,60,13600,See DN-1238 (ID#:11046),11.35,0.19,302.55
"Indinavir 400mg [Crixivan], capsules, 180 Caps","Indinavir 400mg [Crixivan], capsules, 180 Caps",400mg,180,616,227,50,0.28,60.37
"Efavirenz 200mg, capsule, 90 Caps","Efavirenz 200mg, capsule, 90 Caps",200mg,90,720,See DN-1176 (ID#:11973),15.26,0.17,21.53
"Efavirenz 600mg, tablets, 30 Tabs","Efavirenz 600mg, tablets, 30 Tabs",600mg,30,100000,7736,11,0.37,2156
"Stavudine 30mg, capsules, 60 Caps","Stavudine 30mg, capsules, 60 Caps",30mg,60,1002,See DN-1244 (ID#:11048),1.55,0.03,3.04
"Efavirenz 200mg, capsule, 90 Caps","Efavirenz 200mg, capsule, 90 Caps",200mg,90,680,See DN-1250 (ID#:10774),15.26,0.17,20.34
"Zidovudine 300mg, tablets, 60 Tabs","Zidovudine 300mg, tablets, 60 Tabs",300mg,60,306,See DN-1261 (ID#:11647),7.71,0.13,4.62
"Nevirapine 200mg, tablets, 60 Tabs","Nevirapine 200mg, tablets, 60 Tabs",200mg,60,18750,111,3,0.05,110.25
"Efavirenz 600mg, tablets, 30 Tabs","Efavirenz 600mg, tablets, 30 Tabs",600mg,30,4000,See DN-1289 (ID#:11332),10.62,0.35,83.26
"Efavirenz 600mg, tablets, 30 Tabs","Efavirenz 600mg, tablets, 30 Tabs",600mg,30,26710,1866,9.72,0.32,508.86
"Lamivudine/Zidovudine 150/300mg, tablets, 60 Tabs","Lamivudine/Zidovudine 150/300mg, tablets, 60 Tabs",150/300mg,60,14479,See DN-1303 (ID#:11661),6.76,0.11,191.84
"Lamivudine/Nevirapine/Stavudine 150/200/30mg, tablets, 60 Tabs","Lamivudine/Nevirapine/Stavudine 150/200/30mg, tablets, 60 Tabs",150/200/30mg,60,1604,120,7.12,0.12,22.38
"Lamivudine/Nevirapine/Stavudine 150/200/30mg, tablets, 60 Tabs","Lamivudine/Nevirapine/Stavudine 150/200/30mg, tablets, 60 Tabs",150/200/30mg,60,4340,322,7.12,0.12,60.57
"Lamivudine/Nevirapine/Zidovudine 150/200/300mg, tablets, 60 Tabs","Lamivudine/Nevirapine/Zidovudine 150/200/300mg, tablets, 60 Tabs",150/300/200mg,60,4314,486,11.4,0.19,96.39
"Lamivudine/Nevirapine/Zidovudine 150/200/300mg, tablets, 60 Tabs","Lamivudine/Nevirapine/Zidovudine 150/200/300mg, tablets, 60 Tabs",150/300/200mg,60,41949,4724,11.4,0.19,937.31
"Stavudine 30mg, capsules, 60 Caps","Stavudine 30mg, capsules, 60 Caps",30mg,60,8640,See DN-1373 (ID#:11062),1.46,0.02,24.72
"Stavudine 15mg, capsules, 60 Caps","Stavudine 15mg, capsules, 60 Caps",15mg,60,108,78,1.5,0.02,0.32
"Lamivudine/Nevirapine/Stavudine 150/200/30mg, tablets, 60 Tabs","Lamivudine/Nevirapine/Stavudine 150/200/30mg, tablets, 60 Tabs",150/200/30mg,60,17000,4374,7.12,0.12,237.24
"Lamivudine/Zidovudine 150/300mg, tablets, 60 Tabs","Lamivudine/Zidovudine 150/300mg, tablets, 60 Tabs",150/300mg,60,108000,See DN-1386 (ID#:11673),8.76,0.15,1854.32
"Efavirenz 200mg, capsule, 90 Caps","Efavirenz 200mg, capsule, 90 Caps",200mg,90,2520,See DN-1398 (ID#:11679),12.73,0.14,62.88
"Lamivudine/Nevirapine/Zidovudine 150/200/300mg, tablets, 60 Tabs","Lamivudine/Nevirapine/Zidovudine 150/200/300mg, tablets, 60 Tabs",150/300/200mg,60,19650,2237,11.35,0.19,437.13
"Lamivudine/Nevirapine/Stavudine 150/200/30mg, tablets, 60 Tabs","Lamivudine/Nevirapine/Stavudine 150/200/30mg, tablets, 60 Tabs",150/200/30mg,60,52481,5586,7.12,0.12,732.38
"Lamivudine/Nevirapine/Stavudine 150/200/30mg, tablets, 60 Tabs","Lamivudine/Nevirapine/Stavudine 150/200/30mg, tablets, 60 Tabs",150/200/30mg,60,76000,See DN-1411 (ID#:11352),7.12,0.12,1060.6
"Emtricitabine/Tenofovir Disoproxil Fumarate 200/300mg [Truvada], tablets, 30 Tabs","Emtricitabine/Tenofovir Disoproxil Fumarate 200/300mg [Truvada], tablets, 30 Tabs",300/200mg,30,1795,160,26.25,0.88,92.35
"Nevirapine 10mg/ml, oral suspension, Bottle, 240 ml","Nevirapine 10mg/ml, oral suspension, Bottle, 240 ml",10mg/ml,240,6000,See DN-1422 (ID#:11682),1.92,0.01,22.58
"Emtricitabine/Tenofovir Disoproxil Fumarate 200/300mg [Truvada], tablets, 30 Tabs","Emtricitabine/Tenofovir Disoproxil Fumarate 200/300mg [Truvada], tablets, 30 Tabs",300/200mg,30,998,See DN-1427 (ID#:11683),26.25,0.88,51.35
"Lamivudine/Nevirapine/Zidovudine 150/200/300mg, tablets, 60 Tabs","Lamivudine/Nevirapine/Zidovudine 150/200/300mg, tablets, 60 Tabs",150/300/200mg,60,52920,5960,11.4,0.19,1182.44
"Efavirenz 600mg, tablets, 30 Tabs","Efavirenz 600mg, tablets, 30 Tabs",600mg,30,4000,1900,6.22,0.21,48.76
"Nevirapine 200mg, tablets, 60 Tabs","Nevirapine 200mg, tablets, 60 Tabs",200mg,60,15825,See DN-1466 (ID#:11357),2.9,0.05,89.95
"Lamivudine 150mg, tablets, 60 Tabs","Lamivudine 150mg, tablets, 60 Tabs",150mg,60,4500,658,2.44,0.04,21.52
"Zidovudine 10mg/ml, oral solution, Bottle, 240 ml","Zidovudine 10mg/ml, oral solution, Bottle, 240 ml",10mg/ml,240,24,See DN-1487 (ID#:11073),0.01,0,0
"Stavudine 30mg, capsules, 60 Caps","Stavudine 30mg, capsules, 60 Caps",30mg,60,300,20,1.46,0.02,0.94
"Zidovudine 300mg, tablets, 60 Tabs","Zidovudine 300mg, tablets, 60 Tabs",300mg,60,589,33,7.53,0.13,9.56
"Nevirapine 200mg, tablets, 60 Tabs","Nevirapine 200mg, tablets, 60 Tabs",200mg,60,20000,2190,2.9,0.05,125.05
"Nevirapine 200mg, tablets, 60 Tabs","Nevirapine 200mg, tablets, 60 Tabs",200mg,60,25540,2031,2.9,0.05,159.69
"Efavirenz 600mg, tablets, 30 Tabs","Efavirenz 600mg, tablets, 30 Tabs",600mg,30,495,See DN-16 (ID#:10540),16.25,0.54,
"Lamivudine/Zidovudine 150/300mg, tablets, 60 Tabs","Lamivudine/Zidovudine 150/300mg, tablets, 60 Tabs",150/300mg,60,2770,See DN-16 (ID#:10540),10.25,0.17,
"Abacavir 300mg, tablets, 60 Tabs","Abacavir 300mg, tablets, 60 Tabs",300mg,60,3334,161,35.5,0.59,
"Zidovudine 10mg/ml, oral solution, Bottle, 240 ml","Zidovudine 10mg/ml, oral solution, Bottle, 240 ml",10mg/ml,240,1200,See DN-72 (ID#:11097),2.15,0.01,
"Abacavir 300mg, tablets, 60 Tabs","Abacavir 300mg, tablets, 60 Tabs",300mg,60,566,See DN-121 (ID#:10814),35.8,0.6,
"Efavirenz 600mg, tablets, 30 Tabs","Efavirenz 600mg, tablets, 30 Tabs",600mg,30,10000,898,16.25,0.54,
"Efavirenz 600mg, tablets, 30 Tabs","Efavirenz 600mg, tablets, 30 Tabs",600mg,30,6519,See DN-46 (ID#:10550),16.25,0.54,
"Lamivudine 150mg, tablets, 60 Tabs","Lamivudine 150mg, tablets, 60 Tabs",150mg,60,1267,See DN-100 (ID#:10823),3.31,0.06,
"Lamivudine/Nevirapine/Stavudine 150/200/30mg, tablets, 60 Tabs","Lamivudine/Nevirapine/Stavudine 150/200/30mg, tablets, 60 Tabs",150/200/30mg,60,9000,972,7.5,0.12,
"Lamivudine/Zidovudine 150/300mg, tablets, 60 Tabs","Lamivudine/Zidovudine 150/300mg, tablets, 60 Tabs",150/300mg,60,1000,114,10.25,0.17,
"Tenofovir Disoproxil Fumarate 300mg [Viread], tablets, 30 Tabs","Tenofovir Disoproxil Fumarate 300mg [Viread], tablets, 30 Tabs",300mg,30,456,682,17,0.57,
"Lamivudine/Zidovudine 150/300mg, tablets, 60 Tabs","Lamivudine/Zidovudine 150/300mg, tablets, 60 Tabs",150/300mg,60,6944,See DN-74 (ID#:12045),10.25,0.17,
"Efavirenz 600mg, tablets, 30 Tabs","Efavirenz 600mg, tablets, 30 Tabs",600mg,30,8148,741,16.25,0.54,
"Lamivudine 150mg, tablets, 60 Tabs","Lamivudine 150mg, tablets, 60 Tabs",150mg,60,552,See DN-209 (ID#:11136),3.31,0.06,2.92
"Nevirapine 10mg/ml, oral suspension, Bottle, 240 ml","Nevirapine 10mg/ml, oral suspension, Bottle, 240 ml",10mg/ml,240,313,See DN-209 (ID#:11136),6.2,0.03,3.1
"HIV 1/2, Uni-Gold HIV Kit, 20 Tests","HIV 1/2, Uni-Gold HIV Kit, 20 Tests",,20,100,Weight Captured Separately,32,1.6,
"Abacavir/Lamivudine/Zidovudine 300/150/300mg [Trizivir], tablets, 60 Tabs","Abacavir/Lamivudine/Zidovudine 300/150/300mg [Trizivir], tablets, 60 Tabs",300/150/300mg,60,1019,138,70,1.17,
"Lopinavir/Ritonavir 200/50mg [Aluvia], tablets, 120 Tabs","Lopinavir/Ritonavir 200/50mg [Aluvia], tablets, 120 Tabs",200/50mg,120,801,333,41.1,0.34,
"Tenofovir Disoproxil Fumarate 300mg [Viread], tablets, 30 Tabs","Tenofovir Disoproxil Fumarate 300mg [Viread], tablets, 30 Tabs",300mg,30,2684,See DN-148 (ID#:10564),17,0.57,
"Lamivudine/Nevirapine/Zidovudine 150/200/300mg, tablets, 60 Tabs","Lamivudine/Nevirapine/Zidovudine 150/200/300mg, tablets, 60 Tabs",150/300/200mg,60,29959,See DN-148 (ID#:10564),17.5,0.29,
"Lamivudine/Zidovudine 150/300mg, tablets, 60 Tabs","Lamivudine/Zidovudine 150/300mg, tablets, 60 Tabs",150/300mg,60,203,See DN-172 (ID#:10566),10.68,0.18,
"Lamivudine/Nevirapine/Stavudine 150/200/30mg, tablets, 60 Tabs","Lamivudine/Nevirapine/Stavudine 150/200/30mg, tablets, 60 Tabs",150/200/30mg,60,1799,See DN-172 (ID#:10566),7.5,0.12,
"Lamivudine/Nevirapine/Stavudine 150/200/40mg, tablets, 60 Tabs","Lamivudine/Nevirapine/Stavudine 150/200/40mg, tablets, 60 Tabs",150/200/40mg,60,903,57,7.7,0.13,11.12
"Efavirenz 600mg, tablets, 30 Tabs","Efavirenz 600mg, tablets, 30 Tabs",600mg,30,2800,246,16.26,0.54,
"Abacavir 20mg/ml, oral solution, Bottle, 240 ml","Abacavir 20mg/ml, oral solution, Bottle, 240 ml",20mg/ml,240,237,85,21.5,0.09,8.15
"Lamivudine/Zidovudine+Nevirapine 150/300+200mg, tablets, co-blister, 60+60 Tabs","Lamivudine/Zidovudine+Nevirapine 150/300+200mg, tablets, co-blister, 60+60 Tabs",150/300+200mg,120,10020,See DN-209 (ID#:11136),20.5,0.17,328.66
"Lopinavir/Ritonavir 80/20mg/ml [Kaletra], oral solution, cool, Bottle 5 x 60 ml","Lopinavir/Ritonavir 80/20mg/ml [Kaletra], oral solution, cool, Bottle 5 x 60 ml",80/20mg/ml,300,147,See DN-247 (ID#:11139),41.1,0.14,9.67
"Lamivudine/Zidovudine 150/300mg, tablets, 60 Tabs","Lamivudine/Zidovudine 150/300mg, tablets, 60 Tabs",150/300mg,60,7426,3073,10.68,0.18,126.9
"Nevirapine 200mg, tablets, 60 Tabs","Nevirapine 200mg, tablets, 60 Tabs",200mg,60,79029,7393,3.57,0.06,451.41
"Stavudine 15mg, capsules, 60 Caps","Stavudine 15mg, capsules, 60 Caps",15mg,60,1161,399,2.15,0.04,3.99
"Indinavir 400mg [Crixivan], capsules, 180 Caps","Indinavir 400mg [Crixivan], capsules, 180 Caps",400mg,180,112,24,50,0.28,8.96
"HIV 1/2, Uni-Gold HIV Kit, 20 Tests","HIV 1/2, Uni-Gold HIV Kit, 20 Tests",,20,92,28,32,1.6,4.71
"Lopinavir/Ritonavir 80/20mg/ml [Kaletra], oral solution, cool, Bottle 5 x 60 ml","Lopinavir/Ritonavir 80/20mg/ml [Kaletra], oral solution, cool, Bottle 5 x 60 ml",80/20mg/ml,300,56,See DN-265 (ID#:10580),41.1,0.14,3.68
"HIV 1/2, Capillus HIV Kit, 100 Tests","HIV 1/2, Capillus HIV Kit, 100 Tests",,100,422,3093,139,1.39,93.85
"Lamivudine/Zidovudine 150/300mg, tablets, 60 Tabs","Lamivudine/Zidovudine 150/300mg, tablets, 60 Tabs",150/300mg,60,29489,2670,10.68,0.18,503.91
"Abacavir/Lamivudine/Zidovudine 300/150/300mg [Trizivir], tablets, 60 Tabs","Abacavir/Lamivudine/Zidovudine 300/150/300mg [Trizivir], tablets, 60 Tabs",300/150/300mg,60,530,See DN-304 (ID#:10589),70,1.17,59.36
"Abacavir 300mg, tablets, 60 Tabs","Abacavir 300mg, tablets, 60 Tabs",300mg,60,960,See DN-304 (ID#:10589),35.5,0.59,54.53
"Indinavir 400mg [Crixivan], capsules, 180 Caps","Indinavir 400mg [Crixivan], capsules, 180 Caps",400mg,180,740,See DN-304 (ID#:10589),49.32,0.27,58.39
"Saquinavir 200mg [Invirase], capsules, 270 Caps","Saquinavir 200mg [Invirase], capsules, 270 Caps",200mg,270,521,See DN-304 (ID#:10589),76.29,0.28,63.6
"Tenofovir Disoproxil Fumarate 300mg [Viread], tablets, 30 Tabs","Tenofovir Disoproxil Fumarate 300mg [Viread], tablets, 30 Tabs",300mg,30,3318,See DN-304 (ID#:10589),17,0.57,90.25
"Lopinavir/Ritonavir 200/50mg [Aluvia], tablets, 120 Tabs","Lopinavir/Ritonavir 200/50mg [Aluvia], tablets, 120 Tabs",200/50mg,120,2698,See DN-304 (ID#:10589),41.1,0.34,177.42
"Efavirenz 600mg, tablets, 30 Tabs","Efavirenz 600mg, tablets, 30 Tabs",600mg,30,25913,See DN-304 (ID#:10589),16.75,0.56,694.47
"HIV 1/2, Uni-Gold HIV Kit, 20 Tests","HIV 1/2, Uni-Gold HIV Kit, 20 Tests",,20,1883,627,32,1.6,96.41
"Abacavir 20mg/ml, oral solution, Bottle, 240 ml","Abacavir 20mg/ml, oral solution, Bottle, 240 ml",20mg/ml,240,1000,355,16.5,0.07,26.4
"Lamivudine 10mg/ml, oral solution, Bottle, 240 ml","Lamivudine 10mg/ml, oral solution, Bottle, 240 ml",10mg/ml,240,11950,See DN-332 (ID#:10613),1.97,0.01,37.67
"Lamivudine 150mg, tablets, 60 Tabs","Lamivudine 150mg, tablets, 60 Tabs",150mg,60,46855,See DN-332 (ID#:10613),3.04,0.05,227.9
"HIV 1/2/O, First Response HIV 1-2.0, v.3.0 Cards Kit, 30 Tests","HIV 1/2/O, First Response HIV 1-2.0, v.3.0 Cards Kit, 30 Tests",,30,1883,752,16.5,0.55,49.71
"Lamivudine/Nevirapine/Stavudine 150/200/30mg, tablets, 60 Tabs","Lamivudine/Nevirapine/Stavudine 150/200/30mg, tablets, 60 Tabs",150/200/30mg,60,37240,See DN-355 (ID#:11787),7.4,0.12,440.92
"HIV 1/2, Uni-Gold HIV Kit, 20 Tests","HIV 1/2, Uni-Gold HIV Kit, 20 Tests",,20,3480,2766,32,1.6,178.18
"Ritonavir 100mg [Norvir], capsules, cool, 4 x 84 Caps","Ritonavir 100mg [Norvir], capsules, cool, 4 x 84 Caps",100mg,336,1200,See DN-423 (ID#:11194),38.36,0.11,73.65
"Lamivudine/Stavudine 150/30mg, tablets, 30 Tabs","Lamivudine/Stavudine 150/30mg, tablets, 30 Tabs",150/30mg,30,1062,See DN-424 (ID#:10905),2,0.07,3.4
"Lamivudine/Zidovudine 150/300mg, tablets, 60 Tabs","Lamivudine/Zidovudine 150/300mg, tablets, 60 Tabs",150/300mg,60,1848,402,9.5,0.16,28.09
"Stavudine 30mg, capsules, 60 Caps","Stavudine 30mg, capsules, 60 Caps",30mg,60,3000,See DN-458 (ID#:11814),1.52,0.03,7.3
"Abacavir 300mg, tablets, 60 Tabs","Abacavir 300mg, tablets, 60 Tabs",300mg,60,3260,See DN-442 (ID#:11202),70,1.17,365.12
"HIV, Lancet, Safety, for HIV Test kits, 100 Pcs","HIV, Lancet, Safety, for HIV Test kits, 100 Pcs",,100,1250,See DN-545 (ID#:11817),0.01,0,0.02
"Lamivudine/Zidovudine 150/300mg, tablets, 60 Tabs","Lamivudine/Zidovudine 150/300mg, tablets, 60 Tabs",150/300mg,60,32160,See DN-445 (ID#:10640),9.5,0.16,488.83
"Lamivudine/Nevirapine/Stavudine 150/200/40mg, tablets, 60 Tabs","Lamivudine/Nevirapine/Stavudine 150/200/40mg, tablets, 60 Tabs",150/200/40mg,60,1190,See DN-475 (ID#:10642),7.7,0.13,14.66
"Lamivudine 10mg/ml, oral solution, Bottle, 240 ml","Lamivudine 10mg/ml, oral solution, Bottle, 240 ml",10mg/ml,240,1283,See DN-475 (ID#:10642),2.59,0.01,5.32
"HIV 1/2, Clearview Complete Kit, 25 Tests","HIV 1/2, Clearview Complete Kit, 25 Tests",,25,200,122,75,3,24
"Nevirapine 200mg, tablets, 60 Tabs","Nevirapine 200mg, tablets, 60 Tabs",200mg,60,60440,5725,3.4,0.06,328.79
"Lamivudine 150mg, tablets, 60 Tabs","Lamivudine 150mg, tablets, 60 Tabs",150mg,60,14040,See DN-495 (ID#:11824),3.04,0.05,68.29
"Lamivudine/Zidovudine 150/300mg, tablets, 60 Tabs","Lamivudine/Zidovudine 150/300mg, tablets, 60 Tabs",150/300mg,60,1797,170,9.5,0.16,27.31
"Indinavir 400mg [Crixivan], capsules, 180 Caps","Indinavir 400mg [Crixivan], capsules, 180 Caps",400mg,180,2450,See DN-478 (ID#:10645),50,0.28,196
"Nevirapine 200mg, tablets, 60 Tabs","Nevirapine 200mg, tablets, 60 Tabs",200mg,60,1255,120,3.4,0.06,6.83
"Indinavir 400mg [Crixivan], capsules, 180 Caps","Indinavir 400mg [Crixivan], capsules, 180 Caps",400mg,180,665,See DN-601 (ID#:10651),50,0.28,53.2
"Ritonavir 100mg [Norvir], capsules, cool, 84 Caps","Ritonavir 100mg [Norvir], capsules, cool, 84 Caps",100mg,84,760,See DN-601 (ID#:10651),9.59,0.11,11.66
"Efavirenz 600mg, tablets, 30 Tabs","Efavirenz 600mg, tablets, 30 Tabs",600mg,30,1860,See DN-488 (ID#:10652),12.42,0.41,36.96
"Efavirenz 600mg, tablets, 30 Tabs","Efavirenz 600mg, tablets, 30 Tabs",600mg,30,1860,See DN-488 (ID#:10652),12.42,0.41,36.96
"Lamivudine/Zidovudine 150/300mg, tablets, 60 Tabs","Lamivudine/Zidovudine 150/300mg, tablets, 60 Tabs",150/300mg,60,16,See DN-489 (ID#:11516),9.5,0.16,0.24
"Lamivudine/Zidovudine 150/300mg, tablets, 60 Tabs","Lamivudine/Zidovudine 150/300mg, tablets, 60 Tabs",150/300mg,60,1560,147,9.5,0.16,23.71
"Abacavir 300mg, tablets, 60 Tabs","Abacavir 300mg, tablets, 60 Tabs",300mg,60,8251,822,27.53,0.46,363.44
"Stavudine 1mg/ml, powder for oral solution, 200 ml","Stavudine 1mg/ml, powder for oral solution, 200 ml",1mg/ml,200,300,See DN-614 (ID#:11219),1.4,0.01,0.67
"Nevirapine 10mg/ml, oral suspension, Bottle, 240 ml","Nevirapine 10mg/ml, oral suspension, Bottle, 240 ml",10mg/ml,240,1004,358,6.2,0.03,9.96
"Lamivudine 150mg, tablets, 60 Tabs","Lamivudine 150mg, tablets, 60 Tabs",150mg,60,5000,See DN-445 (ID#:10640),3.04,0.05,24.32
"Efavirenz 600mg, tablets, 30 Tabs","Efavirenz 600mg, tablets, 30 Tabs",600mg,30,19000,1485,12.01,0.4,365.1
"HIV 1/2, Bioline 3.0 Kit, Lancets, Capillary pipets, Alcohol swabs included, 25 Tests","HIV 1/2, Bioline 3.0 Kit, Lancets, Capillary pipets, Alcohol swabs included, 25 Tests",,25,1842,662,20,0.8,58.94
"Lamivudine 150mg, tablets, 60 Tabs","Lamivudine 150mg, tablets, 60 Tabs",150mg,60,307,See DN-717 (ID#:11858),2.91,0.05,1.43
"Lamivudine/Nevirapine/Stavudine 150/200/30mg, tablets, 60 Tabs","Lamivudine/Nevirapine/Stavudine 150/200/30mg, tablets, 60 Tabs",150/200/30mg,60,37240,See DN-756 (ID#:11866),7.4,0.12,440.92
"Nevirapine 200mg, tablets, 60 Tabs","Nevirapine 200mg, tablets, 60 Tabs",200mg,60,1057,100,3.4,0.06,5.75
"HIV 1/2, Stat-Pak HIV, Kit, 20 Tests","HIV 1/2, Stat-Pak HIV, Kit, 20 Tests",,20,45,13,27,1.35,1.94
"Stavudine 30mg, capsules, 60 Caps","Stavudine 30mg, capsules, 60 Caps",30mg,60,447,1054,1.52,0.03,1.09
"Efavirenz 600mg, tablets, 30 Tabs","Efavirenz 600mg, tablets, 30 Tabs",600mg,30,32997,2867,12.42,0.41,655.72
"Abacavir 20mg/ml, oral solution, Bottle, 240 ml","Abacavir 20mg/ml, oral solution, Bottle, 240 ml",20mg/ml,240,160,See DN-742 (ID#:11537),16.5,0.07,4.22
"Lamivudine/Zidovudine 150/300mg, tablets, 60 Tabs","Lamivudine/Zidovudine 150/300mg, tablets, 60 Tabs",150/300mg,60,50000,4655,9.45,0.16,756
"Efavirenz 600mg, tablets, 30 Tabs","Efavirenz 600mg, tablets, 30 Tabs",600mg,30,860,76,12.01,0.4,16.53
"Lamivudine 150mg, tablets, 60 Tabs","Lamivudine 150mg, tablets, 60 Tabs",150mg,60,957,See DN-833 (ID#:11243),2.9,0.05,4.44
"Stavudine 30mg, capsules, 60 Caps","Stavudine 30mg, capsules, 60 Caps",30mg,60,7876,See DN-834 (ID#:10686),1.52,0.03,19.15
"Lamivudine/Nevirapine/Zidovudine 150/200/300mg, tablets, 60 Tabs","Lamivudine/Nevirapine/Zidovudine 150/200/300mg, tablets, 60 Tabs",150/300/200mg,60,7296,824,13.28,0.22,155.03
"Lamivudine 10mg/ml, oral solution, Bottle, 240 ml","Lamivudine 10mg/ml, oral solution, Bottle, 240 ml",10mg/ml,240,30563,10621,1.97,0.01,96.33
"Lamivudine/Zidovudine 150/300mg, tablets, 60 Tabs","Lamivudine/Zidovudine 150/300mg, tablets, 60 Tabs",150/300mg,60,16752,1580,9.45,0.16,253.29
"Stavudine 30mg, capsules, 60 Caps","Stavudine 30mg, capsules, 60 Caps",30mg,60,850,555,1.55,0.03,2.11
"Lamivudine/Nevirapine/Stavudine 150/200/30mg, tablets, 60 Tabs","Lamivudine/Nevirapine/Stavudine 150/200/30mg, tablets, 60 Tabs",150/200/30mg,60,60000,See DN-839 (ID#:10961),7.2,0.12,691.2
"Abacavir 300mg, tablets, 60 Tabs","Abacavir 300mg, tablets, 60 Tabs",300mg,60,4,See DN-840 (ID#:12179),26.3,0.44,0.17
"Lamivudine/Nevirapine/Stavudine 150/200/30mg, tablets, 60 Tabs","Lamivudine/Nevirapine/Stavudine 150/200/30mg, tablets, 60 Tabs",150/200/30mg,60,4685,See DN-840 (ID#:12179),7.4,0.12,55.47
"Nevirapine 200mg, tablets, 60 Tabs","Nevirapine 200mg, tablets, 60 Tabs",200mg,60,3710,See DN-841 (ID#:11540),3.4,0.06,20.18
"Lopinavir/Ritonavir 80/20mg/ml [Kaletra], oral solution, cool, Bottle 5 x 60 ml","Lopinavir/Ritonavir 80/20mg/ml [Kaletra], oral solution, cool, Bottle 5 x 60 ml",80/20mg/ml,300,1260,1185,41.1,0.14,82.86
"Efavirenz 200mg, capsule, 90 Caps","Efavirenz 200mg, capsule, 90 Caps",200mg,90,3330,404,16,0.18,85.25
"Stavudine 30mg, capsules, 60 Caps","Stavudine 30mg, capsules, 60 Caps",30mg,60,4305,See DN-682 (ID#:10963),1.52,0.03,10.47
"Didanosine 200mg, chewable/dispersible tablets, 60 Tabs","Didanosine 200mg, chewable/dispersible tablets, 60 Tabs",200mg,60,75,See DN-682 (ID#:10963),15.5,0.26,1.86
"Abacavir 300mg, tablets, 60 Tabs","Abacavir 300mg, tablets, 60 Tabs",300mg,60,190,See DN-682 (ID#:10963),27.53,0.46,8.37
"Zidovudine 10mg/ml, oral solution, Bottle, 240 ml","Zidovudine 10mg/ml, oral solution, Bottle, 240 ml",10mg/ml,240,6036,2253,2.1,0.01,20.28
"HIV 1/2, Clearview Complete Kit, 25 Tests","HIV 1/2, Clearview Complete Kit, 25 Tests",,25,229,140,75,3,27.48
"Stavudine 1mg/ml, powder for oral solution, 200 ml","Stavudine 1mg/ml, powder for oral solution, 200 ml",1mg/ml,200,55,See DN-718 (ID#:10968),1.4,0.01,0.12
"Efavirenz 600mg, tablets, 30 Tabs","Efavirenz 600mg, tablets, 30 Tabs",600mg,30,17000,6007,12.42,0.41,337.82
"Zidovudine 300mg, tablets, 60 Tabs","Zidovudine 300mg, tablets, 60 Tabs",300mg,60,7110,See DN-810 (ID#:11257),8.15,0.14,92.71
"Efavirenz 600mg, tablets, 30 Tabs","Efavirenz 600mg, tablets, 30 Tabs",600mg,30,50000,3897,12.01,0.4,960.8
"Ritonavir 100mg [Norvir], capsules, cool, 84 Caps","Ritonavir 100mg [Norvir], capsules, cool, 84 Caps",100mg,84,360,See DN-698 (ID#:10970),9.59,0.11,5.52
"HIV 1/2, Determine HIV Kit, without Lancets, 100 Tests","HIV 1/2, Determine HIV Kit, without Lancets, 100 Tests",,100,200,1693,71.99,0.72,23.04
"HIV, Lancet, Safety, for HIV Test kits, 100 Pcs","HIV, Lancet, Safety, for HIV Test kits, 100 Pcs",,100,200,See DN-678 (ID#:12199),0.01,0,0
"HIV 1/2, Uni-Gold HIV Kit, 20 Tests","HIV 1/2, Uni-Gold HIV Kit, 20 Tests",,20,1000,See DN-678 (ID#:12199),32,1.6,51.2
"HIV 1/2, Determine HIV Kit, without Lancets, 100 Tests","HIV 1/2, Determine HIV Kit, without Lancets, 100 Tests",,100,2000,490,79.99,0.8,255.97
"Nevirapine 200mg, tablets, 60 Tabs","Nevirapine 200mg, tablets, 60 Tabs",200mg,60,1666,See DN-729 (ID#:11895),3.4,0.06,9.06
"Nevirapine 200mg, tablets, 60 Tabs","Nevirapine 200mg, tablets, 60 Tabs",200mg,60,1440,See DN-703 (ID#:11263),3.4,0.06,7.83
"HIV, Lancet, Safety, for HIV Test kits, 100 Pcs","HIV, Lancet, Safety, for HIV Test kits, 100 Pcs",,100,90,See DN-650 (ID#:11897),0.01,0,0
"HIV 1/2, Uni-Gold HIV Kit, 20 Tests","HIV 1/2, Uni-Gold HIV Kit, 20 Tests",,20,763,441,32,1.6,39.07
"HIV 1/2, Determine HIV Kit, without Lancets, 100 Tests","HIV 1/2, Determine HIV Kit, without Lancets, 100 Tests",,100,1000,Weight Captured Separately,79.99,0.8,127.98
"Efavirenz 600mg, tablets, 30 Tabs","Efavirenz 600mg, tablets, 30 Tabs",600mg,30,1300,See DN-818 (ID#:11270),12.01,0.4,24.98
"Efavirenz 50mg, capsule, 30 Caps","Efavirenz 50mg, capsule, 30 Caps",50mg,30,1446,83,2.24,0.07,6.35
"Efavirenz 600mg, tablets, 30 Tabs","Efavirenz 600mg, tablets, 30 Tabs",600mg,30,4000,See DN-1015 (ID#:11561),12.01,0.4,94.16
"Lamivudine/Zidovudine 150/300mg, tablets, 60 Tabs","Lamivudine/Zidovudine 150/300mg, tablets, 60 Tabs",150/300mg,60,27224,2506,9.35,0.16,498.91
"Lamivudine/Stavudine 150/30mg, tablets, 60 Tabs","Lamivudine/Stavudine 150/30mg, tablets, 60 Tabs",150/30mg,60,21360,1567,3.9,0.06,163.28
"Lamivudine/Nevirapine/Zidovudine 150/200/300mg, tablets, 60 Tabs","Lamivudine/Nevirapine/Zidovudine 150/200/300mg, tablets, 60 Tabs",150/300/200mg,60,10000,1456,11.8,0.2,231.28
"Efavirenz 600mg, tablets, 30 Tabs","Efavirenz 600mg, tablets, 30 Tabs",600mg,30,3713,See DN-1143 (ID#:10711),11,0.37,80.05
"HIV 1/2, Determine HIV Kit, without Lancets, 100 Tests","HIV 1/2, Determine HIV Kit, without Lancets, 100 Tests",,100,5000,See DN-964 (ID#:10987),79.99,0.8,783.9
"Emtricitabine/Tenofovir Disoproxil Fumarate 200/300mg [Truvada], tablets, 30 Tabs","Emtricitabine/Tenofovir Disoproxil Fumarate 200/300mg [Truvada], tablets, 30 Tabs",300/200mg,30,1166,145,26.25,0.88,59.99
"Lamivudine/Nevirapine/Zidovudine 150/200/300mg, tablets, 60 Tabs","Lamivudine/Nevirapine/Zidovudine 150/200/300mg, tablets, 60 Tabs",150/300/200mg,60,312,See DN-1083 (ID#:12219),11.8,0.2,7.22
"Lamivudine 150mg, tablets, 60 Tabs","Lamivudine 150mg, tablets, 60 Tabs",150mg,60,1300,65,2.9,0.05,6.03
"Emtricitabine/Tenofovir Disoproxil Fumarate 200/300mg [Truvada], tablets, 30 Tabs","Emtricitabine/Tenofovir Disoproxil Fumarate 200/300mg [Truvada], tablets, 30 Tabs",300/200mg,30,45000,See DN-921 (ID#:11917),26.25,0.88,1890
"Nevirapine 200mg, tablets, 60 Tabs","Nevirapine 200mg, tablets, 60 Tabs",200mg,60,39068,4510,3.4,0.06,212.53
"Emtricitabine/Tenofovir Disoproxil Fumarate 200/300mg [Truvada], tablets, 30 Tabs","Emtricitabine/Tenofovir Disoproxil Fumarate 200/300mg [Truvada], tablets, 30 Tabs",300/200mg,30,45000,3951,26.25,0.88,1890
"Lamivudine/Stavudine 150/30mg, tablets, 60 Tabs","Lamivudine/Stavudine 150/30mg, tablets, 60 Tabs",150/30mg,60,27150,See DN-1034 (ID#:10732),3.9,0.06,207.53
"Nevirapine 200mg, tablets, 60 Tabs","Nevirapine 200mg, tablets, 60 Tabs",200mg,60,6,See DN-1034 (ID#:10732),3.2,0.05,0.04
"Lamivudine/Stavudine 150/30mg, tablets, 30 Tabs","Lamivudine/Stavudine 150/30mg, tablets, 30 Tabs",150/30mg,30,8000,See DN-1044 (ID#:10996),2,0.07,31.36
"Didanosine 100mg, chewable/dispersible tablets, 60 Tabs","Didanosine 100mg, chewable/dispersible tablets, 60 Tabs",100mg,60,3600,750,7.75,0.13,44.64
"Efavirenz 600mg, tablets, 30 Tabs","Efavirenz 600mg, tablets, 30 Tabs",600mg,30,50000,3841,12.01,0.4,960.8
"Lamivudine/Nevirapine/Stavudine 150/200/30mg, tablets, 60 Tabs","Lamivudine/Nevirapine/Stavudine 150/200/30mg, tablets, 60 Tabs",150/200/30mg,60,76128,Weight Captured Separately,7.2,0.12,876.99
"Tenofovir Disoproxil Fumarate 300mg, tablets, 30 Tabs","Tenofovir Disoproxil Fumarate 300mg, tablets, 30 Tabs",300mg,30,196,12,13.66,0.46,4.28
"Lamivudine/Nevirapine/Stavudine 150/200/30mg, tablets, 60 Tabs","Lamivudine/Nevirapine/Stavudine 150/200/30mg, tablets, 60 Tabs",150/200/30mg,60,22918,1689,7.12,0.12,319.83
"Tenofovir Disoproxil Fumarate 300mg [Viread], tablets, 30 Tabs","Tenofovir Disoproxil Fumarate 300mg [Viread], tablets, 30 Tabs",300mg,30,883,70,17,0.57,29.42
"Nevirapine 10mg/ml, oral suspension, Bottle, 240 ml","Nevirapine 10mg/ml, oral suspension, Bottle, 240 ml",10mg/ml,240,2976,209,1.92,0.01,11.2
"Efavirenz 600mg, tablets, 30 Tabs","Efavirenz 600mg, tablets, 30 Tabs",600mg,30,11527,983,11.72,0.39,264.79
"HIV 1/2, Uni-Gold HIV Kit, 20 Tests","HIV 1/2, Uni-Gold HIV Kit, 20 Tests",,20,168,56,32,1.6,8.6
"Stavudine 30mg, capsules, 60 Caps","Stavudine 30mg, capsules, 60 Caps",30mg,60,4124,273,1.55,0.03,12.53
"Stavudine 30mg, capsules, 60 Caps","Stavudine 30mg, capsules, 60 Caps",30mg,60,903,See DN-917 (ID#:10745),1.55,0.03,2.24
"Stavudine 20mg, capsules, 60 Caps","Stavudine 20mg, capsules, 60 Caps",20mg,60,500,See DN-944 (ID#:11012),1.75,0.03,1.72
"Emtricitabine/Tenofovir Disoproxil Fumarate 200/300mg [Truvada], tablets, 30 Tabs","Emtricitabine/Tenofovir Disoproxil Fumarate 200/300mg [Truvada], tablets, 30 Tabs",300/200mg,30,100000,9000,26.25,0.88,5145
"Efavirenz 600mg, tablets, 30 Tabs","Efavirenz 600mg, tablets, 30 Tabs",600mg,30,1030,251,11.72,0.39,19.31
"Zidovudine 300mg, tablets, 60 Tabs","Zidovudine 300mg, tablets, 60 Tabs",300mg,60,4500,See DN-846 (ID#:11939),8,0.13,57.6
"Lamivudine/Nevirapine/Zidovudine 150/200/300mg, tablets, 60 Tabs","Lamivudine/Nevirapine/Zidovudine 150/200/300mg, tablets, 60 Tabs",150/300/200mg,60,26616,2993,11.4,0.19,594.71
"Lamivudine/Nevirapine/Zidovudine 150/200/300mg, tablets, 60 Tabs","Lamivudine/Nevirapine/Zidovudine 150/200/300mg, tablets, 60 Tabs",150/300/200mg,60,5131,691,11.8,0.2,118.67
"Lamivudine/Stavudine 150/30mg, tablets, 30 Tabs","Lamivudine/Stavudine 150/30mg, tablets, 30 Tabs",150/30mg,30,1082,See DN-987 (ID#:12252),2,0.07,4.24
"Lamivudine/Nevirapine/Stavudine 150/200/30mg, tablets, 60 Tabs","Lamivudine/Nevirapine/Stavudine 150/200/30mg, tablets, 60 Tabs",150/200/30mg,60,60332,See DN-853 (ID#:11940),7.4,0.12,714.33
"Lamivudine/Stavudine 150/30mg, tablets, 60 Tabs","Lamivudine/Stavudine 150/30mg, tablets, 60 Tabs",150/30mg,60,27000,See DN-1060 (ID#:11618),3.8,0.06,201.1
"Lamivudine/Nevirapine/Stavudine 150/200/30mg, tablets, 60 Tabs","Lamivudine/Nevirapine/Stavudine 150/200/30mg, tablets, 60 Tabs",150/200/30mg,60,107556,14450,7.12,0.12,1500.97
"Zidovudine 300mg, tablets, 60 Tabs","Zidovudine 300mg, tablets, 60 Tabs",300mg,60,5641,See DN-960 (ID#:11945),8.15,0.14,90.11
"Efavirenz 600mg, tablets, 30 Tabs","Efavirenz 600mg, tablets, 30 Tabs",600mg,30,11527,See DN-960 (ID#:11945),12.01,0.4,271.34
"Lopinavir/Ritonavir 200/50mg [Aluvia], tablets, 120 Tabs","Lopinavir/Ritonavir 200/50mg [Aluvia], tablets, 120 Tabs",200/50mg,120,2034,See DN-958 (ID#:10750),41.1,0.34,163.85
"Efavirenz 600mg, tablets, 30 Tabs","Efavirenz 600mg, tablets, 30 Tabs",600mg,30,13473,1146,11,0.37,290.48
"Stavudine 30mg, capsules, 60 Caps","Stavudine 30mg, capsules, 60 Caps",30mg,60,1033,See DN-1124 (ID#:11620),1.55,0.03,3.14
"Emtricitabine/Tenofovir Disoproxil Fumarate 200/300mg [Truvada], tablets, 30 Tabs","Emtricitabine/Tenofovir Disoproxil Fumarate 200/300mg [Truvada], tablets, 30 Tabs",300/200mg,30,662,62,26.25,0.88,34.06
"Lamivudine/Nevirapine/Zidovudine 150/200/300mg, tablets, 60 Tabs","Lamivudine/Nevirapine/Zidovudine 150/200/300mg, tablets, 60 Tabs",150/300/200mg,60,11661,1311,11.4,0.19,260.55
"Lamivudine/Nevirapine/Zidovudine 150/200/300mg, tablets, 60 Tabs","Lamivudine/Nevirapine/Zidovudine 150/200/300mg, tablets, 60 Tabs",150/300/200mg,60,370,42,11.4,0.19,8.27
"Lamivudine/Zidovudine 150/300mg, tablets, 60 Tabs","Lamivudine/Zidovudine 150/300mg, tablets, 60 Tabs",150/300mg,60,5000,403,8.76,0.15,85.85
"Nevirapine 200mg, tablets, 60 Tabs","Nevirapine 200mg, tablets, 60 Tabs",200mg,60,11550,See DN-933 (ID#:10755),3.2,0.05,59.14
"Lopinavir/Ritonavir 80/20mg/ml [Kaletra], oral solution, cool, Bottle 5 x 60 ml","Lopinavir/Ritonavir 80/20mg/ml [Kaletra], oral solution, cool, Bottle 5 x 60 ml",80/20mg/ml,300,126,See DN-1163 (ID#:11030),41.1,0.14,10.15
"Efavirenz 600mg, tablets, 30 Tabs","Efavirenz 600mg, tablets, 30 Tabs",600mg,30,25000,2267,11,0.37,539
"Stavudine 30mg, capsules, 60 Caps","Stavudine 30mg, capsules, 60 Caps",30mg,60,630,42,1.55,0.03,1.91
"Emtricitabine/Tenofovir Disoproxil Fumarate 200/300mg [Truvada], tablets, 30 Tabs","Emtricitabine/Tenofovir Disoproxil Fumarate 200/300mg [Truvada], tablets, 30 Tabs",300/200mg,30,20240,See DN-1180 (ID#:11033),26.25,0.88,1041.35
"Lamivudine/Stavudine 150/30mg, tablets, 60 Tabs","Lamivudine/Stavudine 150/30mg, tablets, 60 Tabs",150/30mg,60,4000,305,4,0.07,31.36
"Lamivudine/Nevirapine/Stavudine 150/200/30mg, tablets, 60 Tabs","Lamivudine/Nevirapine/Stavudine 150/200/30mg, tablets, 60 Tabs",150/200/30mg,60,17618,See DN-1215 (ID#:10764),7.2,0.12,248.63
"Emtricitabine/Tenofovir Disoproxil Fumarate 200/300mg [Truvada], tablets, 30 Tabs","Emtricitabine/Tenofovir Disoproxil Fumarate 200/300mg [Truvada], tablets, 30 Tabs",300/200mg,30,27439,2561,26.25,0.88,1411.74
"Efavirenz 600mg, tablets, 30 Tabs","Efavirenz 600mg, tablets, 30 Tabs",600mg,30,7323,631,9.72,0.32,139.51
"Efavirenz 600mg, tablets, 30 Tabs","Efavirenz 600mg, tablets, 30 Tabs",600mg,30,10065,See DN-1221 (ID#:11636),9.72,0.32,191.75
"Stavudine 30mg, capsules, 60 Caps","Stavudine 30mg, capsules, 60 Caps",30mg,60,60,4,1.49,0.02,0.18
"Efavirenz 600mg, tablets, 30 Tabs","Efavirenz 600mg, tablets, 30 Tabs",600mg,30,11546,See DN-1228 (ID#:11638),11,0.37,248.93
"Zidovudine 300mg, tablets, 60 Tabs","Zidovudine 300mg, tablets, 60 Tabs",300mg,60,10000,See DN-1234 (ID#:11970),7.71,0.13,151.12
"Lamivudine/Nevirapine/Zidovudine 150/200/300mg, tablets, 60 Tabs","Lamivudine/Nevirapine/Zidovudine 150/200/300mg, tablets, 60 Tabs",150/300/200mg,60,15000,See DN-1234 (ID#:11970),11.56,0.19,339.86
"Lamivudine 150mg, tablets, 60 Tabs","Lamivudine 150mg, tablets, 60 Tabs",150mg,60,1140,See DN-1244 (ID#:11048),2.9,0.05,6.48
"Lamivudine/Zidovudine 150/300mg, tablets, 60 Tabs","Lamivudine/Zidovudine 150/300mg, tablets, 60 Tabs",150/300mg,60,1747,148,8.76,0.15,30
"Lamivudine/Nevirapine/Stavudine 150/200/30mg, tablets, 60 Tabs","Lamivudine/Nevirapine/Stavudine 150/200/30mg, tablets, 60 Tabs",150/200/30mg,60,3235,See DN-1263 (ID#:11053),7.12,0.12,45.15
"HIV 1/2, Uni-Gold HIV Kit, 20 Tests","HIV 1/2, Uni-Gold HIV Kit, 20 Tests",,20,2500,Weight Captured Separately,32,1.6,156.8
"Efavirenz 50mg, capsule, 30 Caps","Efavirenz 50mg, capsule, 30 Caps",50mg,30,1428,83,2.24,0.07,6.27
"Emtricitabine/Tenofovir Disoproxil Fumarate 200/300mg [Truvada], tablets, 30 Tabs","Emtricitabine/Tenofovir Disoproxil Fumarate 200/300mg [Truvada], tablets, 30 Tabs",300/200mg,30,24269,2094,26.25,0.88,1248.64
"Lamivudine/Nevirapine/Zidovudine 150/200/300mg, tablets, 60 Tabs","Lamivudine/Nevirapine/Zidovudine 150/200/300mg, tablets, 60 Tabs",150/300/200mg,60,10372,1312,11.56,0.19,235
"Emtricitabine/Tenofovir Disoproxil Fumarate 200/300mg [Truvada], tablets, 30 Tabs","Emtricitabine/Tenofovir Disoproxil Fumarate 200/300mg [Truvada], tablets, 30 Tabs",300/200mg,30,27314,2363,26.25,0.88,1405.31
"Lamivudine/Tenofovir Disoproxil Fumarate 300/300mg, tablets, 30 Tabs","Lamivudine/Tenofovir Disoproxil Fumarate 300/300mg, tablets, 30 Tabs",300/300mg,30,92000,7579,11.5,0.38,2073.68
"Lamivudine/Stavudine 150/30mg, tablets, 60 Tabs","Lamivudine/Stavudine 150/30mg, tablets, 60 Tabs",150/30mg,60,23100,See DN-1332 (ID#:11663),3.8,0.06,172.05
"Lamivudine/Nevirapine/Zidovudine 150/200/300mg, tablets, 60 Tabs","Lamivudine/Nevirapine/Zidovudine 150/200/300mg, tablets, 60 Tabs",150/300/200mg,60,5800,654,11.4,0.19,129.6
"Emtricitabine/Tenofovir Disoproxil Fumarate 200/300mg [Truvada], tablets, 30 Tabs","Emtricitabine/Tenofovir Disoproxil Fumarate 200/300mg [Truvada], tablets, 30 Tabs",300/200mg,30,22730,1977,26.25,0.88,1169.46
"Efavirenz 600mg, tablets, 30 Tabs","Efavirenz 600mg, tablets, 30 Tabs",600mg,30,3280,229,9.72,0.32,62.49
"Efavirenz 600mg, tablets, 30 Tabs","Efavirenz 600mg, tablets, 30 Tabs",600mg,30,11254,See DN-388 (ID#:11188),16.26,0.54,292.78
"Emtricitabine/Tenofovir Disoproxil Fumarate 200/300mg, tablets, 30 Tabs","Emtricitabine/Tenofovir Disoproxil Fumarate 200/300mg, tablets, 30 Tabs",200/300mg,30,5794,See DN-1367 (ID#:11346),11.75,0.39,133.44
"Efavirenz 200mg, capsule, 90 Caps","Efavirenz 200mg, capsule, 90 Caps",200mg,90,525,See DN-1374 (ID#:11999),12.73,0.14,13.1
"Lamivudine/Nevirapine/Stavudine 150/200/30mg, tablets, 60 Tabs","Lamivudine/Nevirapine/Stavudine 150/200/30mg, tablets, 60 Tabs",150/200/30mg,60,76000,5597,7.12,0.12,1060.6
"Lamivudine 150mg, tablets, 60 Tabs","Lamivudine 150mg, tablets, 60 Tabs",150mg,60,8766,447,2.44,0.04,41.92
"Nevirapine 200mg, tablets, 60 Tabs","Nevirapine 200mg, tablets, 60 Tabs",200mg,60,1650,See DN-1397 (ID#:11678),2.9,0.05,9.38
"Lamivudine/Zidovudine 150/300mg, tablets, 60 Tabs","Lamivudine/Zidovudine 150/300mg, tablets, 60 Tabs",150/300mg,60,24000,5748,8.76,0.15,412.07
"Lamivudine/Nevirapine/Zidovudine 150/200/300mg, tablets, 60 Tabs","Lamivudine/Nevirapine/Zidovudine 150/200/300mg, tablets, 60 Tabs",150/300/200mg,60,34000,See DN-1399 (ID#:12311),11.35,0.19,756.36
"Lamivudine/Nevirapine/Zidovudine 150/200/300mg, tablets, 60 Tabs","Lamivudine/Nevirapine/Zidovudine 150/200/300mg, tablets, 60 Tabs",150/300/200mg,60,28170,See DN-1401 (ID#:10793),11.35,0.19,626.67
"Lamivudine/Tenofovir Disoproxil Fumarate 300/300mg, tablets, 30 Tabs","Lamivudine/Tenofovir Disoproxil Fumarate 300/300mg, tablets, 30 Tabs",300/300mg,30,92000,7678,11.5,0.38,2073.68
"Lamivudine/Tenofovir Disoproxil Fumarate 300/300mg, tablets, 30 Tabs","Lamivudine/Tenofovir Disoproxil Fumarate 300/300mg, tablets, 30 Tabs",300/300mg,30,92095,7686,11.5,0.38,2075.82
"Lamivudine/Stavudine 150/30mg, tablets, 60 Tabs","Lamivudine/Stavudine 150/30mg, tablets, 60 Tabs",150/30mg,60,4000,See DN-1411 (ID#:11352),4,0.07,31.36
"Nevirapine 200mg, tablets, 60 Tabs","Nevirapine 200mg, tablets, 60 Tabs",200mg,60,11807,1050,3.57,0.06,67.44
"Nevirapine 200mg, tablets, 60 Tabs","Nevirapine 200mg, tablets, 60 Tabs",200mg,60,15718,See DN-1407 (ID#:11681),3,0.05,92.42
"Emtricitabine/Tenofovir Disoproxil Fumarate 200/300mg, tablets, 30 Tabs","Emtricitabine/Tenofovir Disoproxil Fumarate 200/300mg, tablets, 30 Tabs",200/300mg,30,666,54,11.75,0.39,15.34
"Abacavir 300mg, tablets, 60 Tabs","Abacavir 300mg, tablets, 60 Tabs",300mg,60,9243,936,25.45,0.42,461.06
"Lamivudine/Nevirapine/Stavudine 150/200/30mg, tablets, 60 Tabs","Lamivudine/Nevirapine/Stavudine 150/200/30mg, tablets, 60 Tabs",150/200/30mg,60,61520,23888,7.12,0.12,858.52
"Lamivudine/Nevirapine/Zidovudine 150/200/300mg, tablets, 60 Tabs","Lamivudine/Nevirapine/Zidovudine 150/200/300mg, tablets, 60 Tabs",150/300/200mg,60,40230,4531,11.4,0.19,898.9
"Lamivudine/Nevirapine/Zidovudine 150/200/300mg, tablets, 60 Tabs","Lamivudine/Nevirapine/Zidovudine 150/200/300mg, tablets, 60 Tabs",150/300/200mg,60,1756,198,11.4,0.19,39.24
"Nevirapine 10mg/ml, oral suspension, Bottle, 240 ml","Nevirapine 10mg/ml, oral suspension, Bottle, 240 ml",10mg/ml,240,1547,581,1.92,0.01,5.82
"Lamivudine 150mg, tablets, 60 Tabs","Lamivudine 150mg, tablets, 60 Tabs",150mg,60,2592,See DN-1457 (ID#:11687),2.44,0.04,12.4
"Lamivudine 150mg, tablets, 60 Tabs","Lamivudine 150mg, tablets, 60 Tabs",150mg,60,4234,212,2.44,0.04,20.25
"Nevirapine 10mg/ml, oral suspension, Bottle, 240 ml","Nevirapine 10mg/ml, oral suspension, Bottle, 240 ml",10mg/ml,240,50,See DN-1486 (ID#:11072),0.01,0,0
"Nevirapine 200mg, tablets, 60 Tabs","Nevirapine 200mg, tablets, 60 Tabs",200mg,60,200,See DN-1488 (ID#:11074),0.01,0,0
"Efavirenz 600mg, tablets, 30 Tabs","Efavirenz 600mg, tablets, 30 Tabs",600mg,30,13941,986,5.78,0.19,173.73
"Lamivudine/Stavudine 150/30mg, tablets, 60 Tabs","Lamivudine/Stavudine 150/30mg, tablets, 60 Tabs",150/30mg,60,60,4,4,0.07,0.52
"Nevirapine 200mg, tablets, 60 Tabs","Nevirapine 200mg, tablets, 60 Tabs",200mg,60,4460,250,2.9,0.05,27.89
"Efavirenz 600mg, tablets, 30 Tabs","Efavirenz 600mg, tablets, 30 Tabs",600mg,30,7000,581,16.25,0.54,
"Zidovudine 10mg/ml, oral solution, Bottle, 240 ml","Zidovudine 10mg/ml, oral solution, Bottle, 240 ml",10mg/ml,240,1200,See DN-27 (ID#:10544),2.15,0.01,
"HIV 1/2, Uni-Gold HIV Kit, 20 Tests","HIV 1/2, Uni-Gold HIV Kit, 20 Tests",,20,500,See DN-70 (ID#:11095),32,1.6,
"Zidovudine 10mg/ml, oral solution, Bottle, 240 ml","Zidovudine 10mg/ml, oral solution, Bottle, 240 ml",10mg/ml,240,650,193,3.95,0.02,
"Efavirenz 600mg, tablets, 30 Tabs","Efavirenz 600mg, tablets, 30 Tabs",600mg,30,23035,See DN-44 (ID#:10549),16.75,0.56,
"Lamivudine 10mg/ml, oral solution, Bottle, 240 ml","Lamivudine 10mg/ml, oral solution, Bottle, 240 ml",10mg/ml,240,540,See DN-44 (ID#:10549),2.44,0.01,
"HIV 1/2, Uni-Gold HIV Kit, 20 Tests","HIV 1/2, Uni-Gold HIV Kit, 20 Tests",,20,500,164,32,1.6,
"Efavirenz 600mg, tablets, 30 Tabs","Efavirenz 600mg, tablets, 30 Tabs",600mg,30,8148,742,16.25,0.54,
"Lopinavir/Ritonavir 200/50mg [Aluvia], tablets, 120 Tabs","Lopinavir/Ritonavir 200/50mg [Aluvia], tablets, 120 Tabs",200/50mg,120,900,Weight Captured Separately,41.1,0.34,
"Zidovudine 10mg/ml, oral solution, Bottle, 240 ml","Zidovudine 10mg/ml, oral solution, Bottle, 240 ml",10mg/ml,240,8100,2952,3.95,0.02,
"Abacavir 300mg, tablets, 60 Tabs","Abacavir 300mg, tablets, 60 Tabs",300mg,60,2100,See DN-193 (ID#:11387),35.8,0.6,120.29
"Nevirapine 200mg, tablets, 60 Tabs","Nevirapine 200mg, tablets, 60 Tabs",200mg,60,538,See DN-209 (ID#:11136),3.57,0.06,3.07
"Abacavir 20mg/ml, oral solution, Bottle, 240 ml","Abacavir 20mg/ml, oral solution, Bottle, 240 ml",20mg/ml,240,192,70,21.5,0.09,
"Lamivudine 150mg, tablets, 60 Tabs","Lamivudine 150mg, tablets, 60 Tabs",150mg,60,3431,216,3.31,0.06,
"Abacavir/Lamivudine/Zidovudine 300/150/300mg [Trizivir], tablets, 60 Tabs","Abacavir/Lamivudine/Zidovudine 300/150/300mg [Trizivir], tablets, 60 Tabs",300/150/300mg,60,1171,See DN-184 (ID#:12060),70,1.17,
"Zidovudine 10mg/ml, oral solution, Bottle, 240 ml","Zidovudine 10mg/ml, oral solution, Bottle, 240 ml",10mg/ml,240,278,See DN-209 (ID#:11136),3.95,0.02,1.76
"Efavirenz 50mg [Stocrin/Sustiva], capsule, 30 Caps","Efavirenz 50mg [Stocrin/Sustiva], capsule, 30 Caps",50mg,30,1844,See DN-148 (ID#:10564),3.42,0.11,
"HIV 1/2, Uni-Gold HIV Kit, 20 Tests","HIV 1/2, Uni-Gold HIV Kit, 20 Tests",,20,200,See DN-157 (ID#:11403),32,1.6,
"Zidovudine 300mg, tablets, 60 Tabs","Zidovudine 300mg, tablets, 60 Tabs",300mg,60,4374,230,8.52,0.14,
"Abacavir 300mg, tablets, 60 Tabs","Abacavir 300mg, tablets, 60 Tabs",300mg,60,4776,See DN-246 (ID#:11138),35.8,0.6,273.57
"Efavirenz 600mg, tablets, 30 Tabs","Efavirenz 600mg, tablets, 30 Tabs",600mg,30,5344,See DN-268 (ID#:12074),16.26,0.54,139.03
"Abacavir 20mg/ml, oral solution, Bottle, 240 ml","Abacavir 20mg/ml, oral solution, Bottle, 240 ml",20mg/ml,240,350,124,21.5,0.09,12.04
"Efavirenz 600mg, tablets, 30 Tabs","Efavirenz 600mg, tablets, 30 Tabs",600mg,30,48348,See DN-270 (ID#:10843),16.26,0.54,1257.82
"Zidovudine 10mg/ml, oral solution, Bottle, 240 ml","Zidovudine 10mg/ml, oral solution, Bottle, 240 ml",10mg/ml,240,7750,See DN-282 (ID#:11144),3.95,0.02,48.98
"Lamivudine/Nevirapine/Stavudine 150/200/30mg, tablets, 60 Tabs","Lamivudine/Nevirapine/Stavudine 150/200/30mg, tablets, 60 Tabs",150/200/30mg,60,23472,See DN-260 (ID#:11426),7.5,0.12,281.66
"Lamivudine/Stavudine 150/30mg, tablets, 30 Tabs","Lamivudine/Stavudine 150/30mg, tablets, 30 Tabs",150/30mg,30,55032,3673,2,0.07,176.1
"Ritonavir 100mg [Norvir], capsules, cool, 4 x 84 Caps","Ritonavir 100mg [Norvir], capsules, cool, 4 x 84 Caps",100mg,336,157,See DN-290 (ID#:10859),38.36,0.11,9.64
"Lamivudine 10mg/ml, oral solution, Bottle, 240 ml","Lamivudine 10mg/ml, oral solution, Bottle, 240 ml",10mg/ml,240,2744,See DN-304 (ID#:10589),2.44,0.01,10.71
"Zidovudine 10mg/ml, oral solution, Bottle, 240 ml","Zidovudine 10mg/ml, oral solution, Bottle, 240 ml",10mg/ml,240,2185,See DN-304 (ID#:10589),3.95,0.02,13.81
"Efavirenz 50mg [Stocrin/Sustiva], capsule, 30 Caps","Efavirenz 50mg [Stocrin/Sustiva], capsule, 30 Caps",50mg,30,738,See DN-314 (ID#:11757),3.47,0.12,4.1
"HIV 1/2, Uni-Gold HIV Kit, 20 Tests","HIV 1/2, Uni-Gold HIV Kit, 20 Tests",,20,2500,841,32,1.6,128
"Lamivudine 150mg, tablets, 60 Tabs","Lamivudine 150mg, tablets, 60 Tabs",150mg,60,30000,See DN-319 (ID#:11765),3.04,0.05,145.92
"Efavirenz 200mg [Stocrin/Sustiva], capsule, 90 Caps","Efavirenz 200mg [Stocrin/Sustiva], capsule, 90 Caps",200mg,90,1987,238,32.42,0.36,103.07
"Zidovudine 300mg, tablets, 60 Tabs","Zidovudine 300mg, tablets, 60 Tabs",300mg,60,12420,See DN-366 (ID#:11161),8.15,0.14,161.96
"Lamivudine/Nevirapine/Stavudine 150/200/30mg, tablets, 60 Tabs","Lamivudine/Nevirapine/Stavudine 150/200/30mg, tablets, 60 Tabs",150/200/30mg,60,16974,1732,7.4,0.12,200.97
"Efavirenz 200mg, capsule, 90 Caps","Efavirenz 200mg, capsule, 90 Caps",200mg,90,604,72,16,0.18,15.46
"Didanosine 100mg, chewable/dispersible tablets, 60 Tabs","Didanosine 100mg, chewable/dispersible tablets, 60 Tabs",100mg,60,1696,See DN-323 (ID#:10588),7.75,0.13,21.03
"HIV 1/2, Bioline 3.0 Kit, Lancets, Capillary pipets, Alcohol swabs included, 25 Tests","HIV 1/2, Bioline 3.0 Kit, Lancets, Capillary pipets, Alcohol swabs included, 25 Tests",,25,2492,738,20,0.8,79.74
"Zidovudine 300mg, tablets, 60 Tabs","Zidovudine 300mg, tablets, 60 Tabs",300mg,60,5794,See DN-379 (ID#:10890),8.15,0.14,75.55
"Stavudine 20mg, capsules, 60 Caps","Stavudine 20mg, capsules, 60 Caps",20mg,60,1381,232,1.75,0.03,3.87
"HIV 1/2, Uni-Gold HIV Kit, 20 Tests","HIV 1/2, Uni-Gold HIV Kit, 20 Tests",,20,10,3,32,1.6,0.51
"Efavirenz 600mg, tablets, 30 Tabs","Efavirenz 600mg, tablets, 30 Tabs",600mg,30,1200,See DN-409 (ID#:10903),12.42,0.41,23.85
"HIV 1/2, Uni-Gold HIV Kit, 20 Tests","HIV 1/2, Uni-Gold HIV Kit, 20 Tests",,20,5000,See DN-415 (ID#:12120),32,1.6,256
"Lamivudine/Nevirapine/Stavudine 150/200/30mg, tablets, 60 Tabs","Lamivudine/Nevirapine/Stavudine 150/200/30mg, tablets, 60 Tabs",150/200/30mg,60,1246,See DN-422 (ID#:10634),7.5,0.12,14.95
"Saquinavir 200mg [Invirase], capsules, 270 Caps","Saquinavir 200mg [Invirase], capsules, 270 Caps",200mg,270,23,See DN-423 (ID#:11194),78.64,0.29,2.89
"Efavirenz 600mg, tablets, 30 Tabs","Efavirenz 600mg, tablets, 30 Tabs",600mg,30,25338,1974,12.42,0.41,503.52
"Lamivudine/Zidovudine 150/300mg, tablets, 60 Tabs","Lamivudine/Zidovudine 150/300mg, tablets, 60 Tabs",150/300mg,60,7128,See DN-603 (ID#:11197),9.5,0.16,108.35
"Didanosine 200mg, chewable/dispersible tablets, 60 Tabs","Didanosine 200mg, chewable/dispersible tablets, 60 Tabs",200mg,60,7744,See DN-434 (ID#:11483),38.36,0.64,475.3
"Efavirenz 600mg, tablets, 30 Tabs","Efavirenz 600mg, tablets, 30 Tabs",600mg,30,34020,See DN-434 (ID#:11483),12.42,0.41,676.05
"Lamivudine 150mg, tablets, 60 Tabs","Lamivudine 150mg, tablets, 60 Tabs",150mg,60,3145,162,3.04,0.05,15.3
"Zidovudine 300mg, tablets, 60 Tabs","Zidovudine 300mg, tablets, 60 Tabs",300mg,60,140,See DN-435 (ID#:10908),8.15,0.14,1.83
"Stavudine 30mg, capsules, 60 Caps","Stavudine 30mg, capsules, 60 Caps",30mg,60,6200,354,1.75,0.03,17.36
"Lopinavir/Ritonavir 200/50mg [Aluvia], tablets, 120 Tabs","Lopinavir/Ritonavir 200/50mg [Aluvia], tablets, 120 Tabs",200/50mg,120,12240,2662,41.1,0.34,804.9
"Lopinavir/Ritonavir 80/20mg/ml [Kaletra], oral solution, cool, Bottle 5 x 60 ml","Lopinavir/Ritonavir 80/20mg/ml [Kaletra], oral solution, cool, Bottle 5 x 60 ml",80/20mg/ml,300,746,88,41.1,0.14,49.06
"Nevirapine 200mg, tablets, 60 Tabs","Nevirapine 200mg, tablets, 60 Tabs",200mg,60,42000,3957,3.4,0.06,228.48
"Nevirapine 200mg, tablets, 60 Tabs","Nevirapine 200mg, tablets, 60 Tabs",200mg,60,77724,8554,3.4,0.06,422.82
"Nevirapine 200mg, tablets, 60 Tabs","Nevirapine 200mg, tablets, 60 Tabs",200mg,60,12745,1197,3.4,0.06,69.33
"Lamivudine/Nevirapine/Zidovudine 150/200/300mg, tablets, 60 Tabs","Lamivudine/Nevirapine/Zidovudine 150/200/300mg, tablets, 60 Tabs",150/300/200mg,60,4836,531,20.5,0.34,158.62
"Lopinavir/Ritonavir 200/50mg [Aluvia], tablets, 120 Tabs","Lopinavir/Ritonavir 200/50mg [Aluvia], tablets, 120 Tabs",200/50mg,120,2121,465,41.1,0.34,139.48
"Efavirenz 600mg, tablets, 30 Tabs","Efavirenz 600mg, tablets, 30 Tabs",600mg,30,67624,5840,12.42,0.41,1343.82
"Lamivudine/Nevirapine/Zidovudine 150/200/300mg, tablets, 60 Tabs","Lamivudine/Nevirapine/Zidovudine 150/200/300mg, tablets, 60 Tabs",150/300/200mg,60,42700,See DN-601 (ID#:10651),13.5,0.22,922.32
"Lamivudine 10mg/ml, oral solution, Bottle, 240 ml","Lamivudine 10mg/ml, oral solution, Bottle, 240 ml",10mg/ml,240,2000,See DN-590 (ID#:11517),1.97,0.01,6.3
"Nevirapine 200mg, tablets, 60 Tabs","Nevirapine 200mg, tablets, 60 Tabs",200mg,60,58680,5557,3.4,0.06,319.22
"Efavirenz 600mg, tablets, 30 Tabs","Efavirenz 600mg, tablets, 30 Tabs",600mg,30,14465,1135,12.42,0.41,287.45
"Lamivudine 10mg/ml, oral solution, Bottle, 240 ml","Lamivudine 10mg/ml, oral solution, Bottle, 240 ml",10mg/ml,240,15000,See DN-569 (ID#:11224),1.97,0.01,47.28
"HIV 1/2, Determine HIV Kit, without Lancets, 100 Tests","HIV 1/2, Determine HIV Kit, without Lancets, 100 Tests",,100,2093,See DN-571 (ID#:10660),71.99,0.72,241.08
"HIV, Lancet, Safety, for HIV Test kits, 100 Pcs","HIV, Lancet, Safety, for HIV Test kits, 100 Pcs",,100,1250,See DN-572 (ID#:11840),0.01,0,0.02
"Stavudine 20mg, capsules, 60 Caps","Stavudine 20mg, capsules, 60 Caps",20mg,60,100,See DN-445 (ID#:10640),1.75,0.03,0.28
"Lamivudine 10mg/ml, oral solution, Bottle, 240 ml","Lamivudine 10mg/ml, oral solution, Bottle, 240 ml",10mg/ml,240,4,See DN-551 (ID#:11523),2.59,0.01,0.02
"Zidovudine 10mg/ml, oral solution, Bottle, 240 ml","Zidovudine 10mg/ml, oral solution, Bottle, 240 ml",10mg/ml,240,3326,1225,2.15,0.01,11.44
"Lamivudine/Nevirapine/Stavudine 150/200/30mg, tablets, 60 Tabs","Lamivudine/Nevirapine/Stavudine 150/200/30mg, tablets, 60 Tabs",150/200/30mg,60,35600,3731,7.4,0.12,421.5
"Lamivudine/Zidovudine 150/300mg, tablets, 60 Tabs","Lamivudine/Zidovudine 150/300mg, tablets, 60 Tabs",150/300mg,60,371,4689,9.5,0.16,5.64
"HIV 1/2, Bioline 3.0 Kit, Lancets, Capillary pipets, Alcohol swabs included, 25 Tests","HIV 1/2, Bioline 3.0 Kit, Lancets, Capillary pipets, Alcohol swabs included, 25 Tests",,25,9700,2907,20,0.8,310.4
"Efavirenz 30mg/ml [Stocrin/Sustiva], oral solution, Bottle, 180 ml","Efavirenz 30mg/ml [Stocrin/Sustiva], oral solution, Bottle, 180 ml",30mg/ml,180,70,30,16.96,0.09,1.9
"Efavirenz 30mg/ml [Stocrin/Sustiva], oral solution, Bottle, 180 ml","Efavirenz 30mg/ml [Stocrin/Sustiva], oral solution, Bottle, 180 ml",30mg/ml,180,31,See DN-693 (ID#:12475),16.96,0.09,0.84
"Stavudine 30mg, capsules, 60 Caps","Stavudine 30mg, capsules, 60 Caps",30mg,60,1521,See DN-717 (ID#:11858),1.52,0.03,3.7
"Stavudine 30mg, capsules, 60 Caps","Stavudine 30mg, capsules, 60 Caps",30mg,60,420,See DN-717 (ID#:11858),1.52,0.03,1.02
"Efavirenz 600mg, tablets, 30 Tabs","Efavirenz 600mg, tablets, 30 Tabs",600mg,30,3077,See DN-717 (ID#:11858),12.01,0.4,59.13
"Abacavir 300mg, tablets, 60 Tabs","Abacavir 300mg, tablets, 60 Tabs",300mg,60,15,See DN-717 (ID#:11858),27.53,0.46,0.66
"Lamivudine/Zidovudine 150/300mg, tablets, 60 Tabs","Lamivudine/Zidovudine 150/300mg, tablets, 60 Tabs",150/300mg,60,122590,See DN-826 (ID#:10674),9.45,0.16,1853.56
"Lamivudine/Nevirapine/Stavudine 150/200/30mg, tablets, 60 Tabs","Lamivudine/Nevirapine/Stavudine 150/200/30mg, tablets, 60 Tabs",150/200/30mg,60,9732,911,7.4,0.12,115.23
"HIV 1/2, Determine HIV Kit, without Lancets, 100 Tests","HIV 1/2, Determine HIV Kit, without Lancets, 100 Tests",,100,345,60,67,0.67,36.98
"Efavirenz 600mg, tablets, 30 Tabs","Efavirenz 600mg, tablets, 30 Tabs",600mg,30,75000,15566,12.01,0.4,1441.2
"Lamivudine/Zidovudine 150/300mg, tablets, 60 Tabs","Lamivudine/Zidovudine 150/300mg, tablets, 60 Tabs",150/300mg,60,6597,617,9.5,0.16,100.27
"Lamivudine/Nevirapine/Stavudine 150/200/30mg, tablets, 60 Tabs","Lamivudine/Nevirapine/Stavudine 150/200/30mg, tablets, 60 Tabs",150/200/30mg,60,155319,28334,7.4,0.12,1838.98
"Lamivudine/Nevirapine/Zidovudine 150/200/300mg, tablets, 60 Tabs","Lamivudine/Nevirapine/Zidovudine 150/200/300mg, tablets, 60 Tabs",150/300/200mg,60,8940,See DN-620 (ID#:12168),13.5,0.22,193.1
"Efavirenz 600mg, tablets, 30 Tabs","Efavirenz 600mg, tablets, 30 Tabs",600mg,30,33787,6081,12.42,0.41,671.42
"Stavudine 20mg, capsules, 60 Caps","Stavudine 20mg, capsules, 60 Caps",20mg,60,39,See DN-744 (ID#:10684),1.75,0.03,0.11
"Nevirapine 200mg, tablets, 60 Tabs","Nevirapine 200mg, tablets, 60 Tabs",200mg,60,40000,See DN-625 (ID#:10956),3.4,0.06,217.6
"Lamivudine/Zidovudine 150/300mg, tablets, 60 Tabs","Lamivudine/Zidovudine 150/300mg, tablets, 60 Tabs",150/300mg,60,800,75,9.45,0.16,12.1
"Lamivudine/Zidovudine 150/300mg, tablets, 60 Tabs","Lamivudine/Zidovudine 150/300mg, tablets, 60 Tabs",150/300mg,60,112191,10453,9.45,0.16,1696.33
"Efavirenz 200mg, capsule, 90 Caps","Efavirenz 200mg, capsule, 90 Caps",200mg,90,1132,See DN-836 (ID#:11244),16,0.18,28.98
"Stavudine 1mg/ml, powder for oral solution, 200 ml","Stavudine 1mg/ml, powder for oral solution, 200 ml",1mg/ml,200,1971,See DN-684 (ID#:11884),1.4,0.01,4.42
"Stavudine 1mg/ml, powder for oral solution, 200 ml","Stavudine 1mg/ml, powder for oral solution, 200 ml",1mg/ml,200,3000,342,1.4,0.01,6.72
"HIV, Lancet, Safety, for HIV Test kits, 100 Pcs","HIV, Lancet, Safety, for HIV Test kits, 100 Pcs",,100,1550,See DN-675 (ID#:11247),0.01,0,0.02
"Stavudine 30mg, capsules, 60 Caps","Stavudine 30mg, capsules, 60 Caps",30mg,60,7770,See DN-682 (ID#:10963),1.52,0.03,18.9
"HIV 1/2, Determine HIV Kit, without Lancets, 100 Tests","HIV 1/2, Determine HIV Kit, without Lancets, 100 Tests",,100,1505,See DN-641 (ID#:10695),71.99,0.72,173.35
"Lamivudine/Zidovudine 150/300mg, tablets, 60 Tabs","Lamivudine/Zidovudine 150/300mg, tablets, 60 Tabs",150/300mg,60,48610,See DN-637 (ID#:12195),9.5,0.16,738.87
"Zidovudine 300mg, tablets, 60 Tabs","Zidovudine 300mg, tablets, 60 Tabs",300mg,60,3115,178,8.15,0.14,40.62
"Lamivudine/Zidovudine 150/300mg, tablets, 60 Tabs","Lamivudine/Zidovudine 150/300mg, tablets, 60 Tabs",150/300mg,60,6722,634,9.5,0.16,102.17
"Efavirenz 600mg, tablets, 30 Tabs","Efavirenz 600mg, tablets, 30 Tabs",600mg,30,55000,3925,12.01,0.4,1056.88
"Nevirapine 200mg, tablets, 60 Tabs","Nevirapine 200mg, tablets, 60 Tabs",200mg,60,17621,1650,3.4,0.06,95.86
"HIV 1/2, Determine HIV Kit, without Lancets, 100 Tests","HIV 1/2, Determine HIV Kit, without Lancets, 100 Tests",,100,250,See DN-632 (ID#:11547),71.99,0.72,28.8
"Zidovudine 300mg, tablets, 60 Tabs","Zidovudine 300mg, tablets, 60 Tabs",300mg,60,6295,See DN-644 (ID#:11894),8.15,0.14,82.09
"Zidovudine 300mg, tablets, 60 Tabs","Zidovudine 300mg, tablets, 60 Tabs",300mg,60,1925,111,8.15,0.14,25.1
"HIV, Lancet, Safety, for HIV Test kits, 100 Pcs","HIV, Lancet, Safety, for HIV Test kits, 100 Pcs",,100,1000,See DN-760 (ID#:12207),0.01,0,0.02
"Lopinavir/Ritonavir 200/50mg [Aluvia], tablets, 120 Tabs","Lopinavir/Ritonavir 200/50mg [Aluvia], tablets, 120 Tabs",200/50mg,120,240,See DN-690 (ID#:10706),41.1,0.34,15.78
"Lamivudine/Nevirapine/Stavudine 150/200/30mg, tablets, 60 Tabs","Lamivudine/Nevirapine/Stavudine 150/200/30mg, tablets, 60 Tabs",150/200/30mg,60,138325,See DN-817 (ID#:10981),7.2,0.12,1593.5
"Stavudine 30mg, capsules, 60 Caps","Stavudine 30mg, capsules, 60 Caps",30mg,60,75318,5040,1.52,0.03,183.17
"Efavirenz 600mg, tablets, 30 Tabs","Efavirenz 600mg, tablets, 30 Tabs",600mg,30,101445,See DN-763 (ID#:10982),12.42,0.41,2015.92
"Lamivudine/Zidovudine 150/300mg, tablets, 60 Tabs","Lamivudine/Zidovudine 150/300mg, tablets, 60 Tabs",150/300mg,60,58086,See DN-763 (ID#:10982),9.5,0.16,882.91
"Stavudine 30mg, capsules, 60 Caps","Stavudine 30mg, capsules, 60 Caps",30mg,60,500,33,1.55,0.03,1.24
"Efavirenz 200mg, capsule, 90 Caps","Efavirenz 200mg, capsule, 90 Caps",200mg,90,560,See DN-1024 (ID#:10984),15.26,0.17,16.75
"Ritonavir 100mg [Norvir], capsules, cool, 4 x 84 Caps","Ritonavir 100mg [Norvir], capsules, cool, 4 x 84 Caps",100mg,336,180,256,0,0,0
"HIV 1/2, Determine HIV Kit, without Lancets, 100 Tests","HIV 1/2, Determine HIV Kit, without Lancets, 100 Tests",,100,5000,See DN-965 (ID#:11563),79.99,0.8,783.9
"Lamivudine 150mg, tablets, 60 Tabs","Lamivudine 150mg, tablets, 60 Tabs",150mg,60,420,See DN-1017 (ID#:11564),2.9,0.05,2.39
"Nevirapine 200mg, tablets, 60 Tabs","Nevirapine 200mg, tablets, 60 Tabs",200mg,60,50000,2809,3.4,0.06,333.2
"Zidovudine 10mg/ml, oral solution, Bottle, 240 ml","Zidovudine 10mg/ml, oral solution, Bottle, 240 ml",10mg/ml,240,1800,671,2.1,0.01,7.41
"Stavudine 1mg/ml, powder for oral solution, 200 ml","Stavudine 1mg/ml, powder for oral solution, 200 ml",1mg/ml,200,36,4,1.4,0.01,0.1
"HIV 1/2, Bioline 3.0 Kit, Lancets, Capillary pipets, Alcohol swabs included, 25 Tests","HIV 1/2, Bioline 3.0 Kit, Lancets, Capillary pipets, Alcohol swabs included, 25 Tests",,25,16,See DN-1004 (ID#:11280),20,0.8,0.63
"Emtricitabine/Tenofovir Disoproxil Fumarate 200/300mg [Truvada], tablets, 30 Tabs","Emtricitabine/Tenofovir Disoproxil Fumarate 200/300mg [Truvada], tablets, 30 Tabs",300/200mg,30,15000,1309,26.25,0.88,630
"Efavirenz 600mg, tablets, 30 Tabs","Efavirenz 600mg, tablets, 30 Tabs",600mg,30,50000,3817,12.01,0.4,960.8
"Nevirapine 200mg, tablets, 60 Tabs","Nevirapine 200mg, tablets, 60 Tabs",200mg,60,138,See DN-993 (ID#:11919),3.4,0.06,0.92
"HIV 1/2, Uni-Gold HIV Kit, 20 Tests","HIV 1/2, Uni-Gold HIV Kit, 20 Tests",,20,1250,393,32,1.6,78.4
"Emtricitabine/Tenofovir Disoproxil Fumarate 200/300mg [Truvada], tablets, 30 Tabs","Emtricitabine/Tenofovir Disoproxil Fumarate 200/300mg [Truvada], tablets, 30 Tabs",300/200mg,30,20000,1741,26.25,0.88,840
"Lamivudine/Stavudine 150/30mg, tablets, 30 Tabs","Lamivudine/Stavudine 150/30mg, tablets, 30 Tabs",150/30mg,30,1166,71,2,0.07,4.57
"Efavirenz 600mg, tablets, 30 Tabs","Efavirenz 600mg, tablets, 30 Tabs",600mg,30,9650,See DN-850 (ID#:10733),12.01,0.4,185.43
"Lamivudine/Nevirapine/Zidovudine 150/200/300mg, tablets, 60 Tabs","Lamivudine/Nevirapine/Zidovudine 150/200/300mg, tablets, 60 Tabs",150/300/200mg,60,16990,See DN-850 (ID#:10733),13.5,0.22,366.98
"Lamivudine 150mg, tablets, 60 Tabs","Lamivudine 150mg, tablets, 60 Tabs",150mg,60,120,See DN-850 (ID#:10733),2.91,0.05,0.56
"Nevirapine 200mg, tablets, 60 Tabs","Nevirapine 200mg, tablets, 60 Tabs",200mg,60,22566,2113,3,0.05,132.69
"Lamivudine/Nevirapine/Zidovudine 150/200/300mg, tablets, 60 Tabs","Lamivudine/Nevirapine/Zidovudine 150/200/300mg, tablets, 60 Tabs",150/300/200mg,60,88,10,11.8,0.2,2.04
"Efavirenz 600mg, tablets, 30 Tabs","Efavirenz 600mg, tablets, 30 Tabs",600mg,30,9,1,11,0.37,0.19
"Lamivudine/Nevirapine/Stavudine 150/200/30mg, tablets, 60 Tabs","Lamivudine/Nevirapine/Stavudine 150/200/30mg, tablets, 60 Tabs",150/200/30mg,60,965,See DN-992 (ID#:11602),7.2,0.12,13.62
"Stavudine 30mg, capsules, 60 Caps","Stavudine 30mg, capsules, 60 Caps",30mg,60,11142,739,1.55,0.03,33.85
"Zidovudine 10mg/ml, oral solution, Bottle, 240 ml","Zidovudine 10mg/ml, oral solution, Bottle, 240 ml",10mg/ml,240,1643,483,2.1,0.01,6.76
"Emtricitabine/Tenofovir Disoproxil Fumarate 200/300mg [Truvada], tablets, 30 Tabs","Emtricitabine/Tenofovir Disoproxil Fumarate 200/300mg [Truvada], tablets, 30 Tabs",300/200mg,30,328,See DN-1125 (ID#:11298),26.25,0.88,16.88
"Efavirenz 600mg, tablets, 30 Tabs","Efavirenz 600mg, tablets, 30 Tabs",600mg,30,1957,See DN-917 (ID#:10745),11.72,0.39,36.7
"Efavirenz 600mg, tablets, 30 Tabs","Efavirenz 600mg, tablets, 30 Tabs",600mg,30,24599,See DN-944 (ID#:11012),11,0.37,530.35
"Efavirenz 600mg, tablets, 30 Tabs","Efavirenz 600mg, tablets, 30 Tabs",600mg,30,14000,1169,11,0.37,301.84
"Nevirapine 200mg, tablets, 60 Tabs","Nevirapine 200mg, tablets, 60 Tabs",200mg,60,1672,See DN-844 (ID#:12249),3.4,0.06,9.1
"Lamivudine/Stavudine 150/30mg, tablets, 30 Tabs","Lamivudine/Stavudine 150/30mg, tablets, 30 Tabs",150/30mg,30,938,See DN-987 (ID#:12252),2,0.07,3.68
"Tenofovir Disoproxil Fumarate 300mg, tablets, 30 Tabs","Tenofovir Disoproxil Fumarate 300mg, tablets, 30 Tabs",300mg,30,3100,See DN-1060 (ID#:11618),13.28,0.44,80.69
"Lamivudine/Nevirapine/Stavudine 150/200/30mg, tablets, 60 Tabs","Lamivudine/Nevirapine/Stavudine 150/200/30mg, tablets, 60 Tabs",150/200/30mg,60,17103,See DN-1061 (ID#:11019),7.12,0.12,238.68
"Lamivudine/Zidovudine 150/300mg, tablets, 60 Tabs","Lamivudine/Zidovudine 150/300mg, tablets, 60 Tabs",150/300mg,60,2708,See DN-960 (ID#:11945),9.45,0.16,50.16
"Efavirenz 600mg, tablets, 30 Tabs","Efavirenz 600mg, tablets, 30 Tabs",600mg,30,36391,4156,10.62,0.35,757.49
"Lamivudine 10mg/ml, oral solution, Bottle, 240 ml","Lamivudine 10mg/ml, oral solution, Bottle, 240 ml",10mg/ml,240,3060,See DN-1120 (ID#:12556),1.9,0.01,11.4
"Lamivudine/Nevirapine/Zidovudine 150/200/300mg, tablets, 60 Tabs","Lamivudine/Nevirapine/Zidovudine 150/200/300mg, tablets, 60 Tabs",150/300/200mg,60,15944,1793,11.4,0.19,356.25
"Lopinavir/Ritonavir 80/20mg/ml [Kaletra], oral solution, cool, Bottle 5 x 60 ml","Lopinavir/Ritonavir 80/20mg/ml [Kaletra], oral solution, cool, Bottle 5 x 60 ml",80/20mg/ml,300,896,Weight Captured Separately,41.1,0.14,72.18
"Didanosine 100mg, chewable/dispersible tablets, 60 Tabs","Didanosine 100mg, chewable/dispersible tablets, 60 Tabs",100mg,60,4200,867,7.75,0.13,63.8
"Lopinavir/Ritonavir 80/20mg/ml [Kaletra], oral solution, cool, Bottle 5 x 60 ml","Lopinavir/Ritonavir 80/20mg/ml [Kaletra], oral solution, cool, Bottle 5 x 60 ml",80/20mg/ml,300,405,See DN-1163 (ID#:11030),41.1,0.14,32.63
"Nevirapine 200mg, tablets, 60 Tabs","Nevirapine 200mg, tablets, 60 Tabs",200mg,60,5259,294,3,0.05,30.92
"Efavirenz 600mg, tablets, 30 Tabs","Efavirenz 600mg, tablets, 30 Tabs",600mg,30,60000,5144,11,0.37,1293.6
"Lamivudine/Nevirapine/Zidovudine 150/200/300mg, tablets, 60 Tabs","Lamivudine/Nevirapine/Zidovudine 150/200/300mg, tablets, 60 Tabs",150/300/200mg,60,26292,3218,11.8,0.2,608.08
"Lamivudine/Nevirapine/Zidovudine 150/200/300mg, tablets, 60 Tabs","Lamivudine/Nevirapine/Zidovudine 150/200/300mg, tablets, 60 Tabs",150/300/200mg,60,71422,8016,11.4,0.19,1595.85
"Lopinavir/Ritonavir 200/50mg [Aluvia], tablets, 120 Tabs","Lopinavir/Ritonavir 200/50mg [Aluvia], tablets, 120 Tabs",200/50mg,120,80,19,41.1,0.34,6.44
"Emtricitabine/Tenofovir Disoproxil Fumarate 200/300mg [Truvada], tablets, 30 Tabs","Emtricitabine/Tenofovir Disoproxil Fumarate 200/300mg [Truvada], tablets, 30 Tabs",300/200mg,30,17933,1564,26.25,0.88,922.65
"Lamivudine/Zidovudine 150/300mg, tablets, 60 Tabs","Lamivudine/Zidovudine 150/300mg, tablets, 60 Tabs",150/300mg,60,10000,905,9.35,0.16,183.26
"Abacavir 20mg/ml, oral solution, Bottle, 240 ml","Abacavir 20mg/ml, oral solution, Bottle, 240 ml",20mg/ml,240,398,See DN-1205 (ID#:11314),15,0.06,11.7
"Lamivudine/Tenofovir Disoproxil Fumarate 300/300mg, tablets, 30 Tabs","Lamivudine/Tenofovir Disoproxil Fumarate 300/300mg, tablets, 30 Tabs",300/300mg,30,23991,2096,11.5,0.38,540.76
"Efavirenz 30mg/ml [Stocrin/Sustiva], oral solution, Bottle, 180 ml","Efavirenz 30mg/ml [Stocrin/Sustiva], oral solution, Bottle, 180 ml",30mg/ml,180,98,28,16.96,0.09,3.26
"Lamivudine/Zidovudine 150/300mg, tablets, 60 Tabs","Lamivudine/Zidovudine 150/300mg, tablets, 60 Tabs",150/300mg,60,6476,540,8.76,0.15,111.19
"Lamivudine/Nevirapine/Zidovudine 150/200/300mg, tablets, 60 Tabs","Lamivudine/Nevirapine/Zidovudine 150/200/300mg, tablets, 60 Tabs",150/300/200mg,60,13334,1626,11.4,0.19,297.93
"Zidovudine 100mg, capsules, 100 Caps","Zidovudine 100mg, capsules, 100 Caps",100mg,100,504,See DN-1221 (ID#:11636),5.49,0.05,5.42
"Nevirapine 200mg, tablets, 60 Tabs","Nevirapine 200mg, tablets, 60 Tabs",200mg,60,107,See DN-1222 (ID#:11317),3.2,0.05,0.67
"Lamivudine 150mg, tablets, 60 Tabs","Lamivudine 150mg, tablets, 60 Tabs",150mg,60,17100,See DN-1234 (ID#:11970),2.44,0.04,81.78
"Stavudine 15mg, capsules, 60 Caps","Stavudine 15mg, capsules, 60 Caps",15mg,60,560,See DN-1234 (ID#:11970),1.5,0.02,1.65
"Lopinavir/Ritonavir 80/20mg/ml [Kaletra], oral solution, cool, Bottle 5 x 60 ml","Lopinavir/Ritonavir 80/20mg/ml [Kaletra], oral solution, cool, Bottle 5 x 60 ml",80/20mg/ml,300,1059,Weight Captured Separately,0.01,0,0.02
"Stavudine 30mg, capsules, 60 Caps","Stavudine 30mg, capsules, 60 Caps",30mg,60,12000,789,1.49,0.02,35.04
"Lamivudine/Tenofovir Disoproxil Fumarate 300/300mg, tablets, 30 Tabs","Lamivudine/Tenofovir Disoproxil Fumarate 300/300mg, tablets, 30 Tabs",300/300mg,30,5000,419,10,0.33,98
"Lamivudine/Nevirapine/Zidovudine 150/200/300mg, tablets, 60 Tabs","Lamivudine/Nevirapine/Zidovudine 150/200/300mg, tablets, 60 Tabs",150/300/200mg,60,1155,147,11.35,0.19,25.69
"Lopinavir/Ritonavir 200/50mg [Aluvia], tablets, 120 Tabs","Lopinavir/Ritonavir 200/50mg [Aluvia], tablets, 120 Tabs",200/50mg,120,220,50,41.1,0.34,17.72
"Lamivudine/Tenofovir Disoproxil Fumarate 300/300mg, tablets, 30 Tabs","Lamivudine/Tenofovir Disoproxil Fumarate 300/300mg, tablets, 30 Tabs",300/300mg,30,92000,7101,11.5,0.38,2073.68
"Efavirenz 200mg, capsule, 90 Caps","Efavirenz 200mg, capsule, 90 Caps",200mg,90,4000,481,15.26,0.17,119.64
"Emtricitabine/Tenofovir Disoproxil Fumarate 200/300mg [Truvada], tablets, 30 Tabs","Emtricitabine/Tenofovir Disoproxil Fumarate 200/300mg [Truvada], tablets, 30 Tabs",300/200mg,30,2160,186,26.25,0.88,111.13
"Lamivudine/Zidovudine 150/300mg, tablets, 60 Tabs","Lamivudine/Zidovudine 150/300mg, tablets, 60 Tabs",150/300mg,60,25824,2359,8.76,0.15,443.39
"Lamivudine/Nevirapine/Stavudine 150/200/30mg, tablets, 60 Tabs","Lamivudine/Nevirapine/Stavudine 150/200/30mg, tablets, 60 Tabs",150/200/30mg,60,35000,2604,7.12,0.12,488.43
"Lamivudine/Nevirapine/Zidovudine 150/200/300mg, tablets, 60 Tabs","Lamivudine/Nevirapine/Zidovudine 150/200/300mg, tablets, 60 Tabs",150/300/200mg,60,23670,2666,11.4,0.19,528.88
"Emtricitabine/Tenofovir Disoproxil Fumarate 200/300mg [Truvada], tablets, 30 Tabs","Emtricitabine/Tenofovir Disoproxil Fumarate 200/300mg [Truvada], tablets, 30 Tabs",300/200mg,30,671,59,26.25,0.88,34.52
"Zidovudine 300mg, tablets, 60 Tabs","Zidovudine 300mg, tablets, 60 Tabs",300mg,60,12294,629,7.71,0.13,185.78
"Nevirapine 200mg, tablets, 60 Tabs","Nevirapine 200mg, tablets, 60 Tabs",200mg,60,2250,See DN-1300 (ID#:11669),2.9,0.05,12.79
"Lamivudine/Zidovudine 150/300mg, tablets, 60 Tabs","Lamivudine/Zidovudine 150/300mg, tablets, 60 Tabs",150/300mg,60,2420,202,8.76,0.15,41.55
"Lamivudine/Nevirapine/Stavudine 150/200/30mg, tablets, 60 Tabs","Lamivudine/Nevirapine/Stavudine 150/200/30mg, tablets, 60 Tabs",150/200/30mg,60,42000,See DN-1380 (ID#:12000),7.12,0.12,586.12
"Lamivudine/Stavudine 150/30mg, tablets, 60 Tabs","Lamivudine/Stavudine 150/30mg, tablets, 60 Tabs",150/30mg,60,17500,1292,3.9,0.06,133.77
"Efavirenz 600mg, tablets, 30 Tabs","Efavirenz 600mg, tablets, 30 Tabs",600mg,30,88000,7579,11,0.37,1897.28
"Tenofovir Disoproxil Fumarate 300mg [Viread], tablets, 30 Tabs","Tenofovir Disoproxil Fumarate 300mg [Viread], tablets, 30 Tabs",300mg,30,536,41,17,0.57,17.86
"Lamivudine/Zidovudine 150/300mg, tablets, 60 Tabs","Lamivudine/Zidovudine 150/300mg, tablets, 60 Tabs",150/300mg,60,111538,See DN-1432 (ID#:12320),8.76,0.15,1915.06
"Lamivudine/Nevirapine/Stavudine 150/200/30mg, tablets, 60 Tabs","Lamivudine/Nevirapine/Stavudine 150/200/30mg, tablets, 60 Tabs",150/200/30mg,60,98396,7426,7.12,0.12,1373.14
"Emtricitabine/Tenofovir Disoproxil Fumarate 200/300mg, tablets, 30 Tabs","Emtricitabine/Tenofovir Disoproxil Fumarate 200/300mg, tablets, 30 Tabs",200/300mg,30,121280,9813,11.75,0.39,2793.08
"Abacavir 300mg, tablets, 60 Tabs","Abacavir 300mg, tablets, 60 Tabs",300mg,60,15900,1630,25.45,0.42,793.12
"Lamivudine 150mg, tablets, 60 Tabs","Lamivudine 150mg, tablets, 60 Tabs",150mg,60,4275,See DN-1471 (ID#:12015),2.44,0.04,20.44
"Efavirenz 600mg, tablets, 30 Tabs","Efavirenz 600mg, tablets, 30 Tabs",600mg,30,36456,3160,6.22,0.21,444.44
"Stavudine 30mg, capsules, 60 Caps","Stavudine 30mg, capsules, 60 Caps",30mg,60,945,62,1.49,0.02,3.04
"Emtricitabine/Tenofovir Disoproxil Fumarate 200/300mg [Truvada], tablets, 30 Tabs","Emtricitabine/Tenofovir Disoproxil Fumarate 200/300mg [Truvada], tablets, 30 Tabs",300/200mg,30,576,Weight Captured Separately,26.25,0.88,32.6
"Stavudine 30mg, capsules, 60 Caps","Stavudine 30mg, capsules, 60 Caps",30mg,60,735,47,1.46,0.02,2.31
"Lamivudine 10mg/ml, oral solution, Bottle, 240 ml","Lamivudine 10mg/ml, oral solution, Bottle, 240 ml",10mg/ml,240,7707,Weight Captured Separately,2.44,0.01,
"HIV 1/2, Stat-Pak HIV, Kit, 20 Tests","HIV 1/2, Stat-Pak HIV, Kit, 20 Tests",,20,50000,712,1.35,0.07,
"Efavirenz 600mg, tablets, 30 Tabs","Efavirenz 600mg, tablets, 30 Tabs",600mg,30,16033,536,16.25,0.54,
"Efavirenz 50mg [Stocrin/Sustiva], capsule, 30 Caps","Efavirenz 50mg [Stocrin/Sustiva], capsule, 30 Caps",50mg,30,3756,Weight Captured Separately,3.42,0.11,
"HIV 1/2, Determine Complete HIV Kit, 100 Tests","HIV 1/2, Determine Complete HIV Kit, 100 Tests",,100,600,See DN-89 (ID#:10813),80,0.8,
"Nevirapine 200mg, tablets, 60 Tabs","Nevirapine 200mg, tablets, 60 Tabs",200mg,60,43470,4398,3.57,0.06,
"Efavirenz 50mg [Stocrin/Sustiva], capsule, 30 Caps","Efavirenz 50mg [Stocrin/Sustiva], capsule, 30 Caps",50mg,30,1030,48,3.47,0.12,
"Tenofovir Disoproxil Fumarate 300mg [Viread], tablets, 30 Tabs","Tenofovir Disoproxil Fumarate 300mg [Viread], tablets, 30 Tabs",300mg,30,4165,265,17,0.57,
"Lamivudine/Zidovudine 150/300mg, tablets, 60 Tabs","Lamivudine/Zidovudine 150/300mg, tablets, 60 Tabs",150/300mg,60,38463,3450,9.98,0.17,
"Nelfinavir (as mesilate) 250mg [Viracept], tablets, 270 Tabs","Nelfinavir (as mesilate) 250mg [Viracept], tablets, 270 Tabs",250mg,270,864,See DN-129 (ID#:10818),81.42,0.3,
"HIV 1/2, Stat-Pak HIV, Kit, 20 Tests","HIV 1/2, Stat-Pak HIV, Kit, 20 Tests",,20,6000,1833,27,1.35,
"Lamivudine 150mg, tablets, 60 Tabs","Lamivudine 150mg, tablets, 60 Tabs",150mg,60,3334,179,3.31,0.06,
"HIV 1/2, Uni-Gold HIV Kit, 20 Tests","HIV 1/2, Uni-Gold HIV Kit, 20 Tests",,20,100,66,32,1.6,
"Nelfinavir (as mesilate) 250mg [Viracept], tablets, 270 Tabs","Nelfinavir (as mesilate) 250mg [Viracept], tablets, 270 Tabs",250mg,270,2579,663,79.6,0.29,
"Efavirenz 600mg, tablets, 30 Tabs","Efavirenz 600mg, tablets, 30 Tabs",600mg,30,8148,743,16.25,0.54,
"Lamivudine/Nevirapine/Stavudine 150/200/30mg, tablets, 60 Tabs","Lamivudine/Nevirapine/Stavudine 150/200/30mg, tablets, 60 Tabs",150/200/30mg,60,9000,974,7.5,0.12,
"HIV 1/2, Bioline 3.0 Kit, Lancets, Capillary pipets, Alcohol swabs included, 25 Tests","HIV 1/2, Bioline 3.0 Kit, Lancets, Capillary pipets, Alcohol swabs included, 25 Tests",,25,1539,See DN-144 (ID#:12058),20,0.8,
"Nelfinavir (as mesilate) 250mg [Viracept], tablets, 270 Tabs","Nelfinavir (as mesilate) 250mg [Viracept], tablets, 270 Tabs",250mg,270,460,See DN-160 (ID#:11397),81.42,0.3,
"Lamivudine/Nevirapine/Stavudine 150/200/30mg, tablets, 60 Tabs","Lamivudine/Nevirapine/Stavudine 150/200/30mg, tablets, 60 Tabs",150/200/30mg,60,62000,5778,7.4,0.12,734.08
"#108853** HIV, Genie II HIV-1/HIV-2 Kit, 40 Tests","#108853** HIV, Genie II HIV-1/HIV-2 Kit, 40 Tests",,40,160,173,76,1.9,
"Lamivudine/Zidovudine 150/300mg, tablets, 60 Tabs","Lamivudine/Zidovudine 150/300mg, tablets, 60 Tabs",150/300mg,60,35074,3116,10.68,0.18,
"Tenofovir Disoproxil Fumarate 300mg [Viread], tablets, 30 Tabs","Tenofovir Disoproxil Fumarate 300mg [Viread], tablets, 30 Tabs",300mg,30,621,40,17,0.57,
"HIV 1/2, Capillus HIV Kit, 100 Tests","HIV 1/2, Capillus HIV Kit, 100 Tests",,100,2000,1415,139,1.39,444.8
"Efavirenz 600mg, tablets, 30 Tabs","Efavirenz 600mg, tablets, 30 Tabs",600mg,30,3149,See DN-246 (ID#:11138),16.26,0.54,81.92
"Lopinavir/Ritonavir 80/20mg/ml [Kaletra], oral solution, cool, Bottle 5 x 60 ml","Lopinavir/Ritonavir 80/20mg/ml [Kaletra], oral solution, cool, Bottle 5 x 60 ml",80/20mg/ml,300,50,50,41.1,0.14,3.29
"Lopinavir/Ritonavir 200/50mg [Aluvia], tablets, 120 Tabs","Lopinavir/Ritonavir 200/50mg [Aluvia], tablets, 120 Tabs",200/50mg,120,3090,650,41.14,0.34,203.4
"Zidovudine 10mg/ml, oral solution, Bottle, 240 ml","Zidovudine 10mg/ml, oral solution, Bottle, 240 ml",10mg/ml,240,5076,See DN-268 (ID#:12074),3.95,0.02,32.08
"HIV, Pepti-LAV 1|2 (HIV-1|2 Ab differenciation, Immuno-Blot)","HIV, Pepti-LAV 1|2 (HIV-1|2 Ab differenciation, Immuno-Blot)",,1,2,6,238.65,238.65,0.76
"Abacavir 300mg, tablets, 60 Tabs","Abacavir 300mg, tablets, 60 Tabs",300mg,60,3200,See DN-242 (ID#:12077),35.8,0.6,183.3
"Lamivudine 150mg, tablets, 60 Tabs","Lamivudine 150mg, tablets, 60 Tabs",150mg,60,22047,1057,3.04,0.05,107.24
"HIV 1/2/O, First Response HIV 1-2.0, v.3.0 Cards Kit, 30 Tests","HIV 1/2/O, First Response HIV 1-2.0, v.3.0 Cards Kit, 30 Tests",,30,2034,768,16.5,0.55,53.7
"Abacavir 20mg/ml, oral solution, Bottle, 240 ml","Abacavir 20mg/ml, oral solution, Bottle, 240 ml",20mg/ml,240,1020,See DN-282 (ID#:11144),21.5,0.09,35.09
"Saquinavir 200mg [Invirase], capsules, 270 Caps","Saquinavir 200mg [Invirase], capsules, 270 Caps",200mg,270,36,See DN-220 (ID#:10585),78.64,0.29,4.53
"HIV 1/2, Bioline 3.0 Kit, (no accessories), 30 Tests","HIV 1/2, Bioline 3.0 Kit, (no accessories), 30 Tests",,30,167,67,20,0.67,5.34
"HIV 1/2, Determine Complete HIV Kit, 100 Tests","HIV 1/2, Determine Complete HIV Kit, 100 Tests",,100,300,See DN-322 (ID#:10587),80,0.8,38.4
"Efavirenz 600mg, tablets, 30 Tabs","Efavirenz 600mg, tablets, 30 Tabs",600mg,30,8000,See DN-290 (ID#:10859),16.26,0.54,208.13
"Lopinavir/Ritonavir 200/50mg [Aluvia], tablets, 120 Tabs","Lopinavir/Ritonavir 200/50mg [Aluvia], tablets, 120 Tabs",200/50mg,120,4155,See DN-290 (ID#:10859),41.1,0.34,273.23
"Lopinavir/Ritonavir 80/20mg/ml [Kaletra], oral solution, cool, Bottle 5 x 60 ml","Lopinavir/Ritonavir 80/20mg/ml [Kaletra], oral solution, cool, Bottle 5 x 60 ml",80/20mg/ml,300,147,See DN-290 (ID#:10859),41.1,0.14,9.67
"Efavirenz 600mg, tablets, 30 Tabs","Efavirenz 600mg, tablets, 30 Tabs",600mg,30,2933,See DN-304 (ID#:10589),16.75,0.56,78.6
"Abacavir 20mg/ml, oral solution, Bottle, 240 ml","Abacavir 20mg/ml, oral solution, Bottle, 240 ml",20mg/ml,240,59,See DN-304 (ID#:10589),21.05,0.09,1.99
"Abacavir 300mg, tablets, 60 Tabs","Abacavir 300mg, tablets, 60 Tabs",300mg,60,6000,See DN-320 (ID#:10593),27.53,0.46,264.29
"Lamivudine/Zidovudine 150/300mg, tablets, 60 Tabs","Lamivudine/Zidovudine 150/300mg, tablets, 60 Tabs",150/300mg,60,1560,90,9.5,0.16,23.71
"Lamivudine/Stavudine 150/30mg, tablets, 30 Tabs","Lamivudine/Stavudine 150/30mg, tablets, 30 Tabs",150/30mg,30,1600,See DN-354 (ID#:10597),2,0.07,5.12
"Lamivudine/Zidovudine 150/300mg, tablets, 60 Tabs","Lamivudine/Zidovudine 150/300mg, tablets, 60 Tabs",150/300mg,60,1350,80,9.5,0.16,20.52
"Abacavir 20mg/ml, oral solution, Bottle, 240 ml","Abacavir 20mg/ml, oral solution, Bottle, 240 ml",20mg/ml,240,1500,See DN-323 (ID#:10588),16.5,0.07,39.6
"Nevirapine 10mg/ml, oral suspension, Bottle, 240 ml","Nevirapine 10mg/ml, oral suspension, Bottle, 240 ml",10mg/ml,240,10336,See DN-332 (ID#:10613),6.2,0.03,102.53
"Nevirapine 10mg/ml, oral suspension, Bottle, 240 ml","Nevirapine 10mg/ml, oral suspension, Bottle, 240 ml",10mg/ml,240,12512,See DN-332 (ID#:10613),6.2,0.03,124.12
"Lopinavir/Ritonavir 200/50mg [Aluvia], tablets, 120 Tabs","Lopinavir/Ritonavir 200/50mg [Aluvia], tablets, 120 Tabs",200/50mg,120,4078,885,41.1,0.34,268.17
"Saquinavir 200mg [Invirase], capsules, 270 Caps","Saquinavir 200mg [Invirase], capsules, 270 Caps",200mg,270,7,See DN-349 (ID#:10885),78.64,0.29,0.88
"Nevirapine 10mg/ml, oral suspension, Bottle, 240 ml","Nevirapine 10mg/ml, oral suspension, Bottle, 240 ml",10mg/ml,240,10996,3967,6.2,0.03,109.08
"HIV 1/2, Determine Complete HIV Kit, 100 Tests","HIV 1/2, Determine Complete HIV Kit, 100 Tests",,100,600,137,72,0.72,69.12
"HIV, Lancet, Safety, for HIV Test kits, 100 Pcs","HIV, Lancet, Safety, for HIV Test kits, 100 Pcs",,100,872,See DN-380 (ID#:10622),0.01,0,0.01
"Nevirapine 10mg/ml, oral suspension, Bottle, 240 ml","Nevirapine 10mg/ml, oral suspension, Bottle, 240 ml",10mg/ml,240,1622,See DN-373 (ID#:10623),6.2,0.03,16.09
"Efavirenz 600mg, tablets, 30 Tabs","Efavirenz 600mg, tablets, 30 Tabs",600mg,30,37300,See DN-426 (ID#:10633),12.42,0.41,741.23
"Zidovudine 300mg, tablets, 60 Tabs","Zidovudine 300mg, tablets, 60 Tabs",300mg,60,6,See DN-423 (ID#:11194),8.15,0.14,0.08
"Lamivudine/Nevirapine/Stavudine 150/200/30mg, tablets, 60 Tabs","Lamivudine/Nevirapine/Stavudine 150/200/30mg, tablets, 60 Tabs",150/200/30mg,60,22,See DN-425 (ID#:11810),7.4,0.12,0.26
"Lamivudine/Stavudine 150/30mg, tablets, 30 Tabs","Lamivudine/Stavudine 150/30mg, tablets, 30 Tabs",150/30mg,30,44000,See DN-609 (ID#:11480),2,0.07,140.8
"Lamivudine/Nevirapine/Stavudine 150/200/30mg, tablets, 60 Tabs","Lamivudine/Nevirapine/Stavudine 150/200/30mg, tablets, 60 Tabs",150/200/30mg,60,44400,See DN-611 (ID#:12472),7.4,0.12,525.7
"Lopinavir/Ritonavir 200/50mg [Aluvia], tablets, 120 Tabs","Lopinavir/Ritonavir 200/50mg [Aluvia], tablets, 120 Tabs",200/50mg,120,986,See DN-416 (ID#:12125),82.2,0.68,129.68
"Abacavir 20mg/ml, oral solution, Bottle, 240 ml","Abacavir 20mg/ml, oral solution, Bottle, 240 ml",20mg/ml,240,96,See DN-434 (ID#:11483),25,0.1,3.84
"Lamivudine/Nevirapine/Stavudine 150/200/30mg, tablets, 60 Tabs","Lamivudine/Nevirapine/Stavudine 150/200/30mg, tablets, 60 Tabs",150/200/30mg,60,18974,1928,7.4,0.12,224.65
"Efavirenz 200mg, capsule, 90 Caps","Efavirenz 200mg, capsule, 90 Caps",200mg,90,500,See DN-458 (ID#:11814),16,0.18,12.8
"Zidovudine 100mg, capsules, 100 Caps","Zidovudine 100mg, capsules, 100 Caps",100mg,100,480,See DN-458 (ID#:11814),5.49,0.05,4.22
"Abacavir/Lamivudine/Zidovudine 300/150/300mg [Trizivir], tablets, 60 Tabs","Abacavir/Lamivudine/Zidovudine 300/150/300mg [Trizivir], tablets, 60 Tabs",300/150/300mg,60,488,See DN-446 (ID#:11204),70,1.17,54.66
"Lopinavir/Ritonavir 200/50mg [Aluvia], tablets, 120 Tabs","Lopinavir/Ritonavir 200/50mg [Aluvia], tablets, 120 Tabs",200/50mg,120,403,88,41.1,0.34,26.5
"Lamivudine 150mg, tablets, 60 Tabs","Lamivudine 150mg, tablets, 60 Tabs",150mg,60,645,See DN-475 (ID#:10642),3.31,0.06,3.42
"Lamivudine/Nevirapine/Stavudine 150/200/30mg, tablets, 60 Tabs","Lamivudine/Nevirapine/Stavudine 150/200/30mg, tablets, 60 Tabs",150/200/30mg,60,1542,See DN-475 (ID#:10642),7.5,0.12,18.5
"Ritonavir 100mg [Norvir], capsules, cool, 84 Caps","Ritonavir 100mg [Norvir], capsules, cool, 84 Caps",100mg,84,210,63,38.36,0.46,12.89
"Lamivudine/Nevirapine/Stavudine 150/200/30mg, tablets, 60 Tabs","Lamivudine/Nevirapine/Stavudine 150/200/30mg, tablets, 60 Tabs",150/200/30mg,60,40000,4026,7.4,0.12,473.6
"#108853** HIV, Genie II HIV-1/HIV-2 Kit, 40 Tests","#108853** HIV, Genie II HIV-1/HIV-2 Kit, 40 Tests",,40,375,411,76,1.9,45.6
"Zidovudine 300mg, tablets, 60 Tabs","Zidovudine 300mg, tablets, 60 Tabs",300mg,60,125,See DN-535 (ID#:10658),8.15,0.14,1.63
"Lamivudine/Zidovudine 150/300mg, tablets, 60 Tabs","Lamivudine/Zidovudine 150/300mg, tablets, 60 Tabs",150/300mg,60,9691,899,9.5,0.16,147.3
"Abacavir/Lamivudine/Zidovudine 300/150/300mg [Trizivir], tablets, 60 Tabs","Abacavir/Lamivudine/Zidovudine 300/150/300mg [Trizivir], tablets, 60 Tabs",300/150/300mg,60,2067,See DN-601 (ID#:10651),70,1.17,231.5
"Lamivudine/Nevirapine/Stavudine 150/200/30mg, tablets, 60 Tabs","Lamivudine/Nevirapine/Stavudine 150/200/30mg, tablets, 60 Tabs",150/200/30mg,60,1860,192,7.4,0.12,22.02
"Lamivudine/Stavudine 150/30mg, tablets, 30 Tabs","Lamivudine/Stavudine 150/30mg, tablets, 30 Tabs",150/30mg,30,1600,See DN-488 (ID#:10652),2,0.07,5.12
"Zidovudine 300mg, tablets, 60 Tabs","Zidovudine 300mg, tablets, 60 Tabs",300mg,60,3000,See DN-627 (ID#:10926),8.15,0.14,39.12
"Efavirenz 600mg, tablets, 30 Tabs","Efavirenz 600mg, tablets, 30 Tabs",600mg,30,12663,See DN-628 (ID#:10654),12.42,0.41,251.64
"Lamivudine 150mg, tablets, 60 Tabs","Lamivudine 150mg, tablets, 60 Tabs",150mg,60,32129,See DN-614 (ID#:11219),3.04,0.05,156.28
"Lamivudine 150mg, tablets, 60 Tabs","Lamivudine 150mg, tablets, 60 Tabs",150mg,60,29500,1640,3.04,0.05,143.49
"Lamivudine/Nevirapine/Stavudine 150/200/30mg, tablets, 60 Tabs","Lamivudine/Nevirapine/Stavudine 150/200/30mg, tablets, 60 Tabs",150/200/30mg,60,6500,667,7.4,0.12,76.96
"Abacavir 300mg, tablets, 60 Tabs","Abacavir 300mg, tablets, 60 Tabs",300mg,60,5836,See DN-581 (ID#:10667),27.53,0.46,257.06
"Stavudine 1mg/ml, powder for oral solution, 200 ml","Stavudine 1mg/ml, powder for oral solution, 200 ml",1mg/ml,200,2326,232,1.52,0.01,5.66
"Nevirapine 200mg, tablets, 60 Tabs","Nevirapine 200mg, tablets, 60 Tabs",200mg,60,328,See DN-589 (ID#:10670),3.4,0.06,1.78
"Efavirenz 600mg, tablets, 30 Tabs","Efavirenz 600mg, tablets, 30 Tabs",600mg,30,1860,See DN-709 (ID#:10945),12.42,0.41,36.96
"Lamivudine/Zidovudine 150/300mg, tablets, 60 Tabs","Lamivudine/Zidovudine 150/300mg, tablets, 60 Tabs",150/300mg,60,14995,1586,9.45,0.16,226.72
"Emtricitabine/Tenofovir Disoproxil Fumarate 200/300mg [Truvada], tablets, 30 Tabs","Emtricitabine/Tenofovir Disoproxil Fumarate 200/300mg [Truvada], tablets, 30 Tabs",300/200mg,30,16,See DN-717 (ID#:11858),26.25,0.88,0.67
"Lamivudine/Nevirapine/Stavudine 150/200/30mg, tablets, 60 Tabs","Lamivudine/Nevirapine/Stavudine 150/200/30mg, tablets, 60 Tabs",150/200/30mg,60,3847,408,7.4,0.12,45.55
"Efavirenz 600mg, tablets, 30 Tabs","Efavirenz 600mg, tablets, 30 Tabs",600mg,30,2500,See DN-698 (ID#:10970),12.42,0.41,49.68
"Lamivudine/Nevirapine/Zidovudine 150/200/300mg, tablets, 60 Tabs","Lamivudine/Nevirapine/Zidovudine 150/200/300mg, tablets, 60 Tabs",150/300/200mg,60,16610,See DN-737 (ID#:11533),13.28,0.22,352.93
"Lamivudine 150mg, tablets, 60 Tabs","Lamivudine 150mg, tablets, 60 Tabs",150mg,60,8805,See DN-748 (ID#:12484),2.91,0.05,41
"Nevirapine 200mg, tablets, 60 Tabs","Nevirapine 200mg, tablets, 60 Tabs",200mg,60,87768,See DN-748 (ID#:12484),3.4,0.06,477.46
"Nevirapine 10mg/ml, oral suspension, Bottle, 240 ml","Nevirapine 10mg/ml, oral suspension, Bottle, 240 ml",10mg/ml,240,5536,See DN-761 (ID#:10951),1.92,0.01,17.01
"Ritonavir 100mg [Norvir], capsules, cool, 84 Caps","Ritonavir 100mg [Norvir], capsules, cool, 84 Caps",100mg,84,1358,387,9.59,0.11,20.84
"Lamivudine/Zidovudine 150/300mg, tablets, 60 Tabs","Lamivudine/Zidovudine 150/300mg, tablets, 60 Tabs",150/300mg,60,9474,See DN-828 (ID#:10678),9.45,0.16,143.25
"Lamivudine/Nevirapine/Stavudine 150/200/30mg, tablets, 60 Tabs","Lamivudine/Nevirapine/Stavudine 150/200/30mg, tablets, 60 Tabs",150/200/30mg,60,40000,4289,7.4,0.12,473.6
"Abacavir 20mg/ml, oral solution, Bottle, 240 ml","Abacavir 20mg/ml, oral solution, Bottle, 240 ml",20mg/ml,240,224,See DN-744 (ID#:10684),16.5,0.07,5.91
"Stavudine 30mg, capsules, 60 Caps","Stavudine 30mg, capsules, 60 Caps",30mg,60,78460,5184,1.52,0.03,190.81
"Abacavir 300mg, tablets, 60 Tabs","Abacavir 300mg, tablets, 60 Tabs",300mg,60,270,862,27.53,0.46,11.89
"Lamivudine 10mg/ml, oral solution, Bottle, 240 ml","Lamivudine 10mg/ml, oral solution, Bottle, 240 ml",10mg/ml,240,2415,See DN-736 (ID#:12790),1.97,0.01,7.61
"Efavirenz 600mg, tablets, 30 Tabs","Efavirenz 600mg, tablets, 30 Tabs",600mg,30,1860,See DN-770 (ID#:10959),12.42,0.41,36.96
"HIV 1/2, Uni-Gold HIV Kit, 20 Tests","HIV 1/2, Uni-Gold HIV Kit, 20 Tests",,20,2000,643,32,1.6,102.4
"HIV 1/2, Bioline 3.0 Kit, Lancets, Capillary pipets, Alcohol swabs included, 25 Tests","HIV 1/2, Bioline 3.0 Kit, Lancets, Capillary pipets, Alcohol swabs included, 25 Tests",,25,4342,See DN-838 (ID#:10718),20,0.8,138.94
"HIV 1/2, Determine HIV Kit, without Lancets, 100 Tests","HIV 1/2, Determine HIV Kit, without Lancets, 100 Tests",,100,15,See DN-686 (ID#:10691),72,0.72,1.73
"Lamivudine/Stavudine 150/30mg, tablets, 30 Tabs","Lamivudine/Stavudine 150/30mg, tablets, 30 Tabs",150/30mg,30,81198,4678,2,0.07,259.83
"Abacavir 20mg/ml, oral solution, Bottle, 240 ml","Abacavir 20mg/ml, oral solution, Bottle, 240 ml",20mg/ml,240,128,See DN-682 (ID#:10963),16.5,0.07,3.38
"Tenofovir Disoproxil Fumarate 300mg [Viread], tablets, 30 Tabs","Tenofovir Disoproxil Fumarate 300mg [Viread], tablets, 30 Tabs",300mg,30,48,4,17,0.57,1.31
"Lamivudine/Zidovudine 150/300mg, tablets, 60 Tabs","Lamivudine/Zidovudine 150/300mg, tablets, 60 Tabs",150/300mg,60,1728,See DN-698 (ID#:10970),9.5,0.16,26.27
"Zidovudine 300mg, tablets, 60 Tabs","Zidovudine 300mg, tablets, 60 Tabs",300mg,60,3180,182,8.15,0.14,41.47
"HIV, Lancet, Safety, for HIV Test kits, 100 Pcs","HIV, Lancet, Safety, for HIV Test kits, 100 Pcs",,100,2000,See DN-697 (ID#:12202),0.01,0,0.03
"Nevirapine 200mg, tablets, 60 Tabs","Nevirapine 200mg, tablets, 60 Tabs",200mg,60,3000,168,3.4,0.06,16.32
"Nevirapine 10mg/ml, oral suspension, Bottle, 240 ml","Nevirapine 10mg/ml, oral suspension, Bottle, 240 ml",10mg/ml,240,127,46,1.92,0.01,0.39
"Lamivudine 150mg, tablets, 60 Tabs","Lamivudine 150mg, tablets, 60 Tabs",150mg,60,30874,1822,3.04,0.05,150.17
"HIV, Lancet, Safety, for HIV Test kits, 100 Pcs","HIV, Lancet, Safety, for HIV Test kits, 100 Pcs",,100,550,See DN-773 (ID#:11267),0.01,0,0.01
"HIV 1/2, Determine HIV Kit, without Lancets, 100 Tests","HIV 1/2, Determine HIV Kit, without Lancets, 100 Tests",,100,1800,See DN-774 (ID#:11268),71.99,0.72,207.33
"Lamivudine/Nevirapine/Zidovudine 150/200/300mg, tablets, 60 Tabs","Lamivudine/Nevirapine/Zidovudine 150/200/300mg, tablets, 60 Tabs",150/300/200mg,60,1400,156,13.5,0.22,30.24
"Efavirenz 600mg, tablets, 30 Tabs","Efavirenz 600mg, tablets, 30 Tabs",600mg,30,35000,2641,12.01,0.4,823.89
"Lamivudine/Zidovudine 150/300mg, tablets, 60 Tabs","Lamivudine/Zidovudine 150/300mg, tablets, 60 Tabs",150/300mg,60,50000,4585,9.45,0.16,926.1
"Nevirapine 200mg, tablets, 60 Tabs","Nevirapine 200mg, tablets, 60 Tabs",200mg,60,4100,See DN-1047 (ID#:12215),3.2,0.05,25.72
"HIV 1/2, Bioline 3.0 Kit, Lancets, Capillary pipets, Alcohol swabs included, 25 Tests","HIV 1/2, Bioline 3.0 Kit, Lancets, Capillary pipets, Alcohol swabs included, 25 Tests",,25,19999,6074,20,0.8,783.96
"Lamivudine 150mg, tablets, 60 Tabs","Lamivudine 150mg, tablets, 60 Tabs",150mg,60,32544,1608,2.91,0.05,151.52
"Stavudine 1mg/ml, powder for oral solution, 200 ml","Stavudine 1mg/ml, powder for oral solution, 200 ml",1mg/ml,200,1500,235,1.4,0.01,3.36
"Efavirenz 50mg, capsule, 30 Caps","Efavirenz 50mg, capsule, 30 Caps",50mg,30,1500,See DN-860 (ID#:12820),2.24,0.07,5.38
"Ritonavir 100mg [Norvir], capsules, cool, 4 x 84 Caps","Ritonavir 100mg [Norvir], capsules, cool, 4 x 84 Caps",100mg,336,2,See DN-1008 (ID#:11570),38.36,0.11,0.15
"Lamivudine/Stavudine 150/30mg, tablets, 60 Tabs","Lamivudine/Stavudine 150/30mg, tablets, 60 Tabs",150/30mg,60,1152,85,3.9,0.06,8.81
"HIV 1/2, Uni-Gold HIV Kit, 20 Tests","HIV 1/2, Uni-Gold HIV Kit, 20 Tests",,20,1067,297,32,1.6,54.63
"Emtricitabine/Tenofovir Disoproxil Fumarate 200/300mg [Truvada], tablets, 30 Tabs","Emtricitabine/Tenofovir Disoproxil Fumarate 200/300mg [Truvada], tablets, 30 Tabs",300/200mg,30,4,See DN-888 (ID#:11910),26.25,0.88,0.17
"Lamivudine/Stavudine 150/30mg, tablets, 60 Tabs","Lamivudine/Stavudine 150/30mg, tablets, 60 Tabs",150/30mg,60,784,58,3.9,0.06,4.89
"HIV, Lancet, Safety, for HIV Test kits, 100 Pcs","HIV, Lancet, Safety, for HIV Test kits, 100 Pcs",,100,12,See DN-1004 (ID#:11280),0.01,0,0
"Lopinavir/Ritonavir 200/50mg [Aluvia], tablets, 120 Tabs","Lopinavir/Ritonavir 200/50mg [Aluvia], tablets, 120 Tabs",200/50mg,120,94,27,41.1,0.34,6.18
"HIV 1/2, Bioline 3.0 Kit, Lancets, Capillary pipets, Alcohol swabs included, 25 Tests","HIV 1/2, Bioline 3.0 Kit, Lancets, Capillary pipets, Alcohol swabs included, 25 Tests",,25,20000,6067,20,0.8,640
"Lamivudine/Zidovudine 150/300mg, tablets, 60 Tabs","Lamivudine/Zidovudine 150/300mg, tablets, 60 Tabs",150/300mg,60,50000,See DN-912 (ID#:11577),9.45,0.16,756
"Efavirenz 600mg, tablets, 30 Tabs","Efavirenz 600mg, tablets, 30 Tabs",600mg,30,3770,Weight Captured Separately,0.01,0,0.07
"Abacavir 300mg, tablets, 60 Tabs","Abacavir 300mg, tablets, 60 Tabs",300mg,60,5730,See DN-893 (ID#:11596),27.53,0.46,252.4
"Indinavir 400mg [Crixivan], capsules, 180 Caps","Indinavir 400mg [Crixivan], capsules, 180 Caps",400mg,180,252,See DN-1034 (ID#:10732),50,0.28,24.7
"Efavirenz 600mg, tablets, 30 Tabs","Efavirenz 600mg, tablets, 30 Tabs",600mg,30,4000,See DN-1044 (ID#:10996),12.01,0.4,94.16
"Lamivudine/Stavudine 150/30mg, tablets, 60 Tabs","Lamivudine/Stavudine 150/30mg, tablets, 60 Tabs",150/30mg,60,11980,See DN-850 (ID#:10733),3.9,0.06,74.76
"Ritonavir 100mg [Norvir], capsules, cool, 4 x 84 Caps","Ritonavir 100mg [Norvir], capsules, cool, 4 x 84 Caps",100mg,336,14,25,38.36,0.11,0.86
"Indinavir 400mg [Crixivan], capsules, 180 Caps","Indinavir 400mg [Crixivan], capsules, 180 Caps",400mg,180,50,See DN-907 (ID#:12839),50,0.28,4
"Lamivudine 10mg/ml, oral solution, Bottle, 240 ml","Lamivudine 10mg/ml, oral solution, Bottle, 240 ml",10mg/ml,240,2005,692,1.9,0.01,7.47
"Lamivudine/Nevirapine/Zidovudine 150/200/300mg, tablets, 60 Tabs","Lamivudine/Nevirapine/Zidovudine 150/200/300mg, tablets, 60 Tabs",150/300/200mg,60,14600,1657,11.8,0.2,337.67
"Zidovudine 10mg/ml, oral solution, Bottle, 240 ml","Zidovudine 10mg/ml, oral solution, Bottle, 240 ml",10mg/ml,240,2800,See DN-1098 (ID#:12242),2.1,0.01,11.52
"Efavirenz 600mg, tablets, 30 Tabs","Efavirenz 600mg, tablets, 30 Tabs",600mg,30,4000,See DN-1115 (ID#:11008),12.01,0.4,94.16
"HIV 1/2, Determine Complete HIV Kit, 100 Tests","HIV 1/2, Determine Complete HIV Kit, 100 Tests",,100,28,See DN-1147 (ID#:11610),100,1,5.49
"HIV 1/2, Bioline 3.0 Kit, Lancets, Capillary pipets, Alcohol swabs included, 25 Tests","HIV 1/2, Bioline 3.0 Kit, Lancets, Capillary pipets, Alcohol swabs included, 25 Tests",,25,12,See DN-1147 (ID#:11610),20,0.8,0.47
"Lamivudine/Stavudine 150/30mg, tablets, 30 Tabs","Lamivudine/Stavudine 150/30mg, tablets, 30 Tabs",150/30mg,30,8000,See DN-1115 (ID#:11008),2,0.07,31.36
"Nevirapine 200mg, tablets, 60 Tabs","Nevirapine 200mg, tablets, 60 Tabs",200mg,60,9599,See DN-1152 (ID#:11010),3,0.05,56.44
"Tenofovir Disoproxil Fumarate 300mg, tablets, 30 Tabs","Tenofovir Disoproxil Fumarate 300mg, tablets, 30 Tabs",300mg,30,2200,See DN-1152 (ID#:11010),13.28,0.44,57.26
"Nevirapine 200mg, tablets, 60 Tabs","Nevirapine 200mg, tablets, 60 Tabs",200mg,60,9408,893,3.4,0.06,51.18
"Emtricitabine/Tenofovir Disoproxil Fumarate 200/300mg [Truvada], tablets, 30 Tabs","Emtricitabine/Tenofovir Disoproxil Fumarate 200/300mg [Truvada], tablets, 30 Tabs",300/200mg,30,12696,1114,26.25,0.88,533.23
"Efavirenz 600mg, tablets, 30 Tabs","Efavirenz 600mg, tablets, 30 Tabs",600mg,30,50000,See DN-861 (ID#:11013),12.01,0.4,960.8
"Lamivudine/Zidovudine 150/300mg, tablets, 60 Tabs","Lamivudine/Zidovudine 150/300mg, tablets, 60 Tabs",150/300mg,60,76427,7017,9.45,0.16,1155.58
"Efavirenz 600mg, tablets, 30 Tabs","Efavirenz 600mg, tablets, 30 Tabs",600mg,30,27590,See DN-1060 (ID#:11618),10.62,0.35,574.29
"Efavirenz 600mg, tablets, 30 Tabs","Efavirenz 600mg, tablets, 30 Tabs",600mg,30,11549,See DN-1061 (ID#:11019),10.62,0.35,240.39
"Efavirenz 600mg, tablets, 30 Tabs","Efavirenz 600mg, tablets, 30 Tabs",600mg,30,35299,See DN-1062 (ID#:12256),10.62,0.35,734.76
"Nevirapine 200mg, tablets, 60 Tabs","Nevirapine 200mg, tablets, 60 Tabs",200mg,60,6002,See DN-960 (ID#:11945),3.4,0.06,40
"Stavudine 30mg, capsules, 60 Caps","Stavudine 30mg, capsules, 60 Caps",30mg,60,7876,521,1.55,0.03,23.93
"Efavirenz 600mg, tablets, 30 Tabs","Efavirenz 600mg, tablets, 30 Tabs",600mg,30,16000,1364,9.72,0.32,304.82
"Lamivudine/Zidovudine 150/300mg, tablets, 60 Tabs","Lamivudine/Zidovudine 150/300mg, tablets, 60 Tabs",150/300mg,60,3231,See DN-1124 (ID#:11620),8.76,0.15,55.47
"Lamivudine/Nevirapine/Zidovudine 150/200/300mg, tablets, 60 Tabs","Lamivudine/Nevirapine/Zidovudine 150/200/300mg, tablets, 60 Tabs",150/300/200mg,60,67842,7627,11.4,0.19,1515.86
"Lamivudine/Zidovudine 150/300mg, tablets, 60 Tabs","Lamivudine/Zidovudine 150/300mg, tablets, 60 Tabs",150/300mg,60,28624,2583,9.35,0.16,524.56
"Lamivudine/Stavudine 150/30mg, tablets, 30 Tabs","Lamivudine/Stavudine 150/30mg, tablets, 30 Tabs",150/30mg,30,8000,483,2,0.07,31.36
"Lamivudine 150mg, tablets, 60 Tabs","Lamivudine 150mg, tablets, 60 Tabs",150mg,60,10000,Weight Captured Separately,3.04,0.05,59.58
"Efavirenz 200mg, capsule, 90 Caps","Efavirenz 200mg, capsule, 90 Caps",200mg,90,1132,See DN-1166 (ID#:12271),15.26,0.17,33.86
"Lamivudine/Nevirapine/Stavudine 150/200/30mg, tablets, 60 Tabs","Lamivudine/Nevirapine/Stavudine 150/200/30mg, tablets, 60 Tabs",150/200/30mg,60,76000,See DN-1168 (ID#:11031),7.4,0.12,1102.3
"Lamivudine/Nevirapine/Stavudine 150/200/30mg, tablets, 60 Tabs","Lamivudine/Nevirapine/Stavudine 150/200/30mg, tablets, 60 Tabs",150/200/30mg,60,135000,10053,7.2,0.12,1905.12
"Abacavir 20mg/ml, oral solution, Bottle, 240 ml","Abacavir 20mg/ml, oral solution, Bottle, 240 ml",20mg/ml,240,1977,See DN-1180 (ID#:11033),16.15,0.07,62.58
"Nevirapine 200mg, tablets, 60 Tabs","Nevirapine 200mg, tablets, 60 Tabs",200mg,60,248,24,3.2,0.05,1.56
"Nevirapine 200mg, tablets, 60 Tabs","Nevirapine 200mg, tablets, 60 Tabs",200mg,60,1067,60,3.2,0.05,6.69
"Lamivudine/Zidovudine 150/300mg, tablets, 60 Tabs","Lamivudine/Zidovudine 150/300mg, tablets, 60 Tabs",150/300mg,60,35000,3162,9.35,0.16,641.41
"Zidovudine 300mg, tablets, 60 Tabs","Zidovudine 300mg, tablets, 60 Tabs",300mg,60,8346,See DN-1235 (ID#:10769),0.01,0,0.16
"Efavirenz 600mg, tablets, 30 Tabs","Efavirenz 600mg, tablets, 30 Tabs",600mg,30,2178,See DN-1244 (ID#:11048),10.8,0.36,46.1
"Lamivudine 10mg/ml, oral solution, Bottle, 240 ml","Lamivudine 10mg/ml, oral solution, Bottle, 240 ml",10mg/ml,240,806,See DN-1244 (ID#:11048),1.9,0.01,3
"Lamivudine/Nevirapine/Stavudine 150/200/30mg, tablets, 60 Tabs","Lamivudine/Nevirapine/Stavudine 150/200/30mg, tablets, 60 Tabs",150/200/30mg,60,3895,289,7.12,0.12,54.36
"Indinavir 400mg [Crixivan], capsules, 180 Caps","Indinavir 400mg [Crixivan], capsules, 180 Caps",400mg,180,400,89,50,0.28,39.2
"Lamivudine/Nevirapine/Zidovudine 150/200/300mg, tablets, 60 Tabs","Lamivudine/Nevirapine/Zidovudine 150/200/300mg, tablets, 60 Tabs",150/300/200mg,60,3190,361,11.4,0.19,71.28
"Indinavir 400mg [Crixivan], capsules, 180 Caps","Indinavir 400mg [Crixivan], capsules, 180 Caps",400mg,180,400,See DN-1296 (ID#:10779),50,0.28,39.2
"Nevirapine 200mg, tablets, 60 Tabs","Nevirapine 200mg, tablets, 60 Tabs",200mg,60,9310,376,3.2,0.05,58.39
"Efavirenz 600mg, tablets, 30 Tabs","Efavirenz 600mg, tablets, 30 Tabs",600mg,30,22260,1921,11,0.37,479.93
"Lamivudine 150mg, tablets, 60 Tabs","Lamivudine 150mg, tablets, 60 Tabs",150mg,60,1894,See DN-1332 (ID#:11663),2.44,0.04,9.06
"Lamivudine/Nevirapine/Zidovudine 150/200/300mg, tablets, 60 Tabs","Lamivudine/Nevirapine/Zidovudine 150/200/300mg, tablets, 60 Tabs",150/300/200mg,60,1268,143,11.4,0.19,28.33
"Efavirenz 600mg, tablets, 30 Tabs","Efavirenz 600mg, tablets, 30 Tabs",600mg,30,27941,1970,11,0.37,602.41
"Zidovudine 10mg/ml, oral solution, Bottle, 240 ml","Zidovudine 10mg/ml, oral solution, Bottle, 240 ml",10mg/ml,240,2757,1038,2.1,0.01,11.35
"Zidovudine 100mg, capsules, 100 Caps","Zidovudine 100mg, capsules, 100 Caps",100mg,100,1260,See DN-1373 (ID#:11062),5,0.05,12.35
"Stavudine 20mg, capsules, 60 Caps","Stavudine 20mg, capsules, 60 Caps",20mg,60,108,See DN-1374 (ID#:11999),1.75,0.03,0.37
"Lamivudine/Nevirapine/Zidovudine 150/200/300mg, tablets, 60 Tabs","Lamivudine/Nevirapine/Zidovudine 150/200/300mg, tablets, 60 Tabs",150/300/200mg,60,18180,2047,11.35,0.19,404.43
"Lamivudine 150mg, tablets, 60 Tabs","Lamivudine 150mg, tablets, 60 Tabs",150mg,60,2237,See DN-1397 (ID#:11678),2.44,0.04,10.7
"Lamivudine/Nevirapine/Zidovudine 150/200/300mg, tablets, 60 Tabs","Lamivudine/Nevirapine/Zidovudine 150/200/300mg, tablets, 60 Tabs",150/300/200mg,60,8784,1118,11.35,0.19,195.41
"Efavirenz 600mg, tablets, 30 Tabs","Efavirenz 600mg, tablets, 30 Tabs",600mg,30,45964,See DN-1407 (ID#:11681),8,0.27,720.72
"Lamivudine 10mg/ml, oral solution, Bottle, 240 ml","Lamivudine 10mg/ml, oral solution, Bottle, 240 ml",10mg/ml,240,3181,See DN-1422 (ID#:11682),1.9,0.01,11.85
"Efavirenz 600mg, tablets, 30 Tabs","Efavirenz 600mg, tablets, 30 Tabs",600mg,30,29426,2529,6.85,0.23,395.07
"Lamivudine 150mg, tablets, 60 Tabs","Lamivudine 150mg, tablets, 60 Tabs",150mg,60,5830,See DN-1427 (ID#:11683),2.44,0.04,27.88
"Lamivudine/Nevirapine/Zidovudine 150/200/300mg, tablets, 60 Tabs","Lamivudine/Nevirapine/Zidovudine 150/200/300mg, tablets, 60 Tabs",150/300/200mg,60,17000,1914,11.4,0.19,379.85
"Lamivudine/Nevirapine/Zidovudine 150/200/300mg, tablets, 60 Tabs","Lamivudine/Nevirapine/Zidovudine 150/200/300mg, tablets, 60 Tabs",150/300/200mg,60,3001,338,11.4,0.19,67.05
"Emtricitabine/Tenofovir Disoproxil Fumarate 200/300mg, tablets, 30 Tabs","Emtricitabine/Tenofovir Disoproxil Fumarate 200/300mg, tablets, 30 Tabs",200/300mg,30,240,22,11.75,0.39,5.53
"Lamivudine/Nevirapine/Zidovudine 150/200/300mg, tablets, 60 Tabs","Lamivudine/Nevirapine/Zidovudine 150/200/300mg, tablets, 60 Tabs",150/300/200mg,60,25281,2847,11.4,0.19,564.88
"Lamivudine/Nevirapine/Zidovudine 150/200/300mg, tablets, 60 Tabs","Lamivudine/Nevirapine/Zidovudine 150/200/300mg, tablets, 60 Tabs",150/300/200mg,60,16912,1905,11.4,0.19,377.88
"Efavirenz 600mg, tablets, 30 Tabs","Efavirenz 600mg, tablets, 30 Tabs",600mg,30,22059,See DN-1448 (ID#:12012),6.22,0.21,268.93
"Lamivudine/Nevirapine/Stavudine 150/200/30mg, tablets, 60 Tabs","Lamivudine/Nevirapine/Stavudine 150/200/30mg, tablets, 60 Tabs",150/200/30mg,60,1604,120,7.12,0.12,22.38
"Lopinavir/Ritonavir 80/20mg/ml [Kaletra], oral solution, cool, Bottle 5 x 60 ml","Lopinavir/Ritonavir 80/20mg/ml [Kaletra], oral solution, cool, Bottle 5 x 60 ml",80/20mg/ml,300,276,See DN-1473 (ID#:11358),0.01,0,0.01
"Lopinavir/Ritonavir 80/20mg/ml [Kaletra], oral solution, cool, Bottle 5 x 60 ml","Lopinavir/Ritonavir 80/20mg/ml [Kaletra], oral solution, cool, Bottle 5 x 60 ml",80/20mg/ml,300,896,See DN-1473 (ID#:11358),0.01,0,0.02
"Stavudine 30mg, capsules, 60 Caps","Stavudine 30mg, capsules, 60 Caps",30mg,60,4410,286,1.46,0.02,13.88
"Nevirapine 200mg, tablets, 60 Tabs","Nevirapine 200mg, tablets, 60 Tabs",200mg,60,12873,1258,2.9,0.05,80.49
"HIV 1/2, Determine Complete HIV Kit, 100 Tests","HIV 1/2, Determine Complete HIV Kit, 100 Tests",,100,1,1028,80,0.8,0.17
"Lamivudine/Zidovudine 150/300mg, tablets, 60 Tabs","Lamivudine/Zidovudine 150/300mg, tablets, 60 Tabs",150/300mg,60,11092,957,6.75,0.11,92.62
"HIV 1/2, Determine Complete HIV Kit, 100 Tests","HIV 1/2, Determine Complete HIV Kit, 100 Tests",,100,6280,2548,80,0.8,516.47
"Lamivudine/Nevirapine/Stavudine 30/50/6mg, dispersible tablets, 60 Tabs","Lamivudine/Nevirapine/Stavudine 30/50/6mg, dispersible tablets, 60 Tabs",30/50/6mg,60,298,21,2.3,0.04,0.96
"HIV 1/2, Determine Complete HIV Kit, 100 Tests","HIV 1/2, Determine Complete HIV Kit, 100 Tests",,100,90,39,89,0.89,9.91
"Ritonavir 100mg [Norvir], film coated tablets, 60 Tabs","Ritonavir 100mg [Norvir], film coated tablets, 60 Tabs",100mg,60,400,62,6.85,0.11,3.22
"HIV 1/2, Determine Complete HIV Kit, 100 Tests","HIV 1/2, Determine Complete HIV Kit, 100 Tests",,100,1468,638,80,0.8,145.27
"HIV 1/2, Stat-Pak Dipstick Assay Kit, 30 Tests","HIV 1/2, Stat-Pak Dipstick Assay Kit, 30 Tests",,30,305,34,25.5,0.85,10.9
"Malaria Antigen P.f Kit, 30 x 1 Test","Malaria Antigen P.f Kit, 30 x 1 Test",,30,3,1,16.5,0.55,0.07
"Efavirenz 600mg, tablets, 30 Tabs","Efavirenz 600mg, tablets, 30 Tabs",600mg,30,5300,2922,3.5,0.12,19.07
"Efavirenz 50mg, capsule, 30 Caps","Efavirenz 50mg, capsule, 30 Caps",50mg,30,54768,3237,2.44,0.08,220.5
"Abacavir 300mg, tablets, 60 Tabs","Abacavir 300mg, tablets, 60 Tabs",300mg,60,25,Weight Captured Separately,49.85,0.83,1.28
"Abacavir 300mg, tablets, 60 Tabs","Abacavir 300mg, tablets, 60 Tabs",300mg,60,3,Weight Captured Separately,68.99,1.15,0.21
"Efavirenz/Lamivudine/Tenofovir Disoproxil Fumarate 600/300/300mg, tablets, 30 Tabs","Efavirenz/Lamivudine/Tenofovir Disoproxil Fumarate 600/300/300mg, tablets, 30 Tabs",600/300/300mg,30,11500,1295,11.49,0.38,163.45
"Tenofovir Disoproxil Fumarate 300mg, tablets, 30 Tabs","Tenofovir Disoproxil Fumarate 300mg, tablets, 30 Tabs",300mg,30,16000,1948,3.55,0.12,58.39
"Emtricitabine/Tenofovir Disoproxil Fumarate 200/300mg, tablets, 30 Tabs","Emtricitabine/Tenofovir Disoproxil Fumarate 200/300mg, tablets, 30 Tabs",200/300mg,30,13,Weight Captured Separately,33.72,1.12,0.54
"HIV 1/2, Determine Complete HIV Kit, 100 Tests","HIV 1/2, Determine Complete HIV Kit, 100 Tests",,100,2744,1186,89,0.89,342.39
"Lopinavir/Ritonavir 80/20mg/ml [Kaletra], oral solution, cool, Bottle, 160 ml","Lopinavir/Ritonavir 80/20mg/ml [Kaletra], oral solution, cool, Bottle, 160 ml",80/20mg/ml,160,4570,Weight Captured Separately,32.44,0.2,152.4
"HIV 1/2, Determine HIV Kit, without Lancets, 100 Tests","HIV 1/2, Determine HIV Kit, without Lancets, 100 Tests",,100,1,Weight Captured Separately,77.7,0.78,0.13
"Efavirenz 600mg, tablets, 30 Tabs","Efavirenz 600mg, tablets, 30 Tabs",600mg,30,56877,4815,4.67,0.16,572.67
"HIV 1/2, Determine HIV Kit, without Lancets, 100 Tests","HIV 1/2, Determine HIV Kit, without Lancets, 100 Tests",,100,3500,893,70,0.7,480.2
"Zidovudine 300mg, tablets, 60 Tabs","Zidovudine 300mg, tablets, 60 Tabs",300mg,60,14,Weight Captured Separately,27.83,0.46,0.48
"Efavirenz/Lamivudine/Tenofovir Disoproxil Fumarate 600/300/300mg, tablets, 30 Tabs","Efavirenz/Lamivudine/Tenofovir Disoproxil Fumarate 600/300/300mg, tablets, 30 Tabs",600/300/300mg,30,17760,2516,10,0.33,209.04
"Tenofovir Disoproxil Fumarate 300mg, tablets, 30 Tabs","Tenofovir Disoproxil Fumarate 300mg, tablets, 30 Tabs",300mg,30,1680,110,8.25,0.28,27.17
"Lamivudine/Tenofovir Disoproxil Fumarate 300/300mg, tablets, 30 Tabs","Lamivudine/Tenofovir Disoproxil Fumarate 300/300mg, tablets, 30 Tabs",300/300mg,30,138422,13147,8.75,0.29,2611.33
"HIV 1/2, Determine Complete HIV Kit, 100 Tests","HIV 1/2, Determine Complete HIV Kit, 100 Tests",,100,2000,957,80,0.8,224.32
"Efavirenz/Lamivudine/Tenofovir Disoproxil Fumarate 600/300/300mg, tablets, 30 Tabs","Efavirenz/Lamivudine/Tenofovir Disoproxil Fumarate 600/300/300mg, tablets, 30 Tabs",600/300/300mg,30,243800,27549,11.49,0.38,3465.16
"Ritonavir 100mg [Norvir], capsules, cool, 84 Caps","Ritonavir 100mg [Norvir], capsules, cool, 84 Caps",100mg,84,520,149,10.32,0.12,10.52
"Tenofovir Disoproxil Fumarate 300mg, tablets, 30 Tabs","Tenofovir Disoproxil Fumarate 300mg, tablets, 30 Tabs",300mg,30,132,Weight Captured Separately,13.82,0.46,1.87
"Efavirenz/Lamivudine/Tenofovir Disoproxil Fumarate 600/300/300mg, tablets, 30 Tabs","Efavirenz/Lamivudine/Tenofovir Disoproxil Fumarate 600/300/300mg, tablets, 30 Tabs",600/300/300mg,30,25000,3034,10.24,0.34,263.17
"Lopinavir/Ritonavir 80/20mg/ml [Kaletra], oral solution, cool, Bottle 5 x 60 ml","Lopinavir/Ritonavir 80/20mg/ml [Kaletra], oral solution, cool, Bottle 5 x 60 ml",80/20mg/ml,300,500,505,30.82,0.1,15.84
"HIV 1/2, Uni-Gold HIV Kit, 20 Tests","HIV 1/2, Uni-Gold HIV Kit, 20 Tests",,20,77,509,32,1.6,2.53
"HIV 1/2, Uni-Gold HIV Kit, 20 Tests","HIV 1/2, Uni-Gold HIV Kit, 20 Tests",,20,35,12,32,1.6,1.85
"Lamivudine/Nevirapine/Zidovudine 150/200/300mg, tablets, 60 Tabs","Lamivudine/Nevirapine/Zidovudine 150/200/300mg, tablets, 60 Tabs",150/300/200mg,60,13000,2672,8.1,0.13,108.25
"Efavirenz 600mg, tablets, 30 Tabs","Efavirenz 600mg, tablets, 30 Tabs",600mg,30,139,Weight Captured Separately,11.27,0.38,1.61
"HIV 1/2, Uni-Gold HIV Kit, 20 Tests","HIV 1/2, Uni-Gold HIV Kit, 20 Tests",,20,18,177,32,1.6,0.59
"HIV 1/2, Determine Complete HIV Kit, 100 Tests","HIV 1/2, Determine Complete HIV Kit, 100 Tests",,100,377,172,80,0.8,49.76
"Etravirine 100mg [Intelence], tablets, 120 Tabs","Etravirine 100mg [Intelence], tablets, 120 Tabs",100mg,120,121,43,75,0.62,12.72
"HIV 1/2, Determine Complete HIV Kit, 100 Tests","HIV 1/2, Determine Complete HIV Kit, 100 Tests",,100,143,Weight Captured Separately,80,0.8,13.46
"Efavirenz 600mg, tablets, 30 Tabs","Efavirenz 600mg, tablets, 30 Tabs",600mg,30,21504,1849,6.5,0.22,273.96
"HIV 1/2, Bioline 3.0 Diluent, 25 Tests, Bottle x 5 ml","HIV 1/2, Bioline 3.0 Diluent, 25 Tests, Bottle x 5 ml",,1,448,71,0.9,0.9,0.67
"Lamivudine/Nevirapine/Zidovudine 150/200/300mg, tablets, 60 Tabs","Lamivudine/Nevirapine/Zidovudine 150/200/300mg, tablets, 60 Tabs",150/300/200mg,60,35136,4784,8.11,0.14,292.93
"HIV 1/2, Uni-Gold HIV Kit, 20 Tests","HIV 1/2, Uni-Gold HIV Kit, 20 Tests",,20,32,54,32,1.6,1.05
"Zidovudine 10mg/ml, oral solution w/syringe, Bottle, 240 ml","Zidovudine 10mg/ml, oral solution w/syringe, Bottle, 240 ml",10mg/ml,240,1832,3504,2.1,0.01,4.76
"HIV 1/2, Stat-Pak HIV, Kit, 20 Tests","HIV 1/2, Stat-Pak HIV, Kit, 20 Tests",,20,350,205,27,1.35,18.52
"Ritonavir 100mg [Norvir], film coated tablets, 30 Tabs","Ritonavir 100mg [Norvir], film coated tablets, 30 Tabs",100mg,30,174,21,23.26,0.78,5.67
"Tenofovir Disoproxil Fumarate 300mg, tablets, 30 Tabs","Tenofovir Disoproxil Fumarate 300mg, tablets, 30 Tabs",300mg,30,4000,Weight Captured Separately,3.55,0.12,14.6
"Atazanavir/Ritonavir 300/100mg, tablets, 30 Tabs","Atazanavir/Ritonavir 300/100mg, tablets, 30 Tabs",300/100mg,30,4560,Weight Captured Separately,18,0.6,84.38
"Lamivudine/Tenofovir Disoproxil Fumarate 300/300mg, tablets, 30 Tabs","Lamivudine/Tenofovir Disoproxil Fumarate 300/300mg, tablets, 30 Tabs",300/300mg,30,32670,3076,4.65,0.16,156.17
"Lamivudine/Tenofovir Disoproxil Fumarate 300/300mg, tablets, 30 Tabs","Lamivudine/Tenofovir Disoproxil Fumarate 300/300mg, tablets, 30 Tabs",300/300mg,30,62209,5795,10.95,0.36,1335.13
"Nevirapine 50mg, dispersible tablets (tablets for oral suspension), 30 Tabs","Nevirapine 50mg, dispersible tablets (tablets for oral suspension), 30 Tabs",50mg,30,940,132,1.25,0.04,1.21
"Lamivudine 150mg, tablets, 60 Tabs","Lamivudine 150mg, tablets, 60 Tabs",150mg,60,24480,3536,2.4,0.04,115.15
"Darunavir 600mg [Prezista], tablets, 60 Tabs","Darunavir 600mg [Prezista], tablets, 60 Tabs",600mg,60,33,Weight Captured Separately,50.66,0.84,1.72
"HIV 1/2, Stat-Pak Dipstick Assay Kit, 30 Tests","HIV 1/2, Stat-Pak Dipstick Assay Kit, 30 Tests",,30,595,63,27.6,0.92,19.33
"Efavirenz 600mg, tablets, 30 Tabs","Efavirenz 600mg, tablets, 30 Tabs",600mg,30,14448,2284,3.23,0.11,57.73
"Etravirine 100mg [Intelence], tablets, 120 Tabs","Etravirine 100mg [Intelence], tablets, 120 Tabs",100mg,120,108,22,36,0.3,4.81
"HIV 1/2, Determine Complete HIV Kit, 100 Tests","HIV 1/2, Determine Complete HIV Kit, 100 Tests",,100,8298,1427,89,0.89,1218.56
"Efavirenz 200mg, capsule, 90 Caps","Efavirenz 200mg, capsule, 90 Caps",200mg,90,16,Weight Captured Separately,17.04,0.19,0.28
"HIV 1/2, Determine Kit without Lancets, Buffer or Caplillary Tubes, 100 Tests","HIV 1/2, Determine Kit without Lancets, Buffer or Caplillary Tubes, 100 Tests",,100,120,Weight Captured Separately,72.15,0.72,10.71
"Efavirenz 50mg, capsule, 30 Caps","Efavirenz 50mg, capsule, 30 Caps",50mg,30,5925,394,1.56,0.05,11.43
"Lamivudine/Zidovudine 150/300mg, tablets, 60 Tabs","Lamivudine/Zidovudine 150/300mg, tablets, 60 Tabs",150/300mg,60,9800,2235,6.49,0.11,65.38
"HIV 1/2, OraQuick Rapid Antibody Kit, 100 Tests","HIV 1/2, OraQuick Rapid Antibody Kit, 100 Tests",,100,1000,2090,350,3.5,432.95
"Tenofovir Disoproxil Fumarate 300mg, tablets, 30 Tabs","Tenofovir Disoproxil Fumarate 300mg, tablets, 30 Tabs",300mg,30,19992,1378,7.82,0.26,337.06
"Lamivudine/Zidovudine 30/60mg, dispersible tablets, 60 Tabs","Lamivudine/Zidovudine 30/60mg, dispersible tablets, 60 Tabs",30/60mg,60,10000,849,1.99,0.03,20.46
"HIV 1/2, Uni-Gold HIV Kit, 20 Tests","HIV 1/2, Uni-Gold HIV Kit, 20 Tests",,20,35,176,32,1.6,1.39
"Lamivudine/Zidovudine 150/300mg, tablets, 60 Tabs","Lamivudine/Zidovudine 150/300mg, tablets, 60 Tabs",150/300mg,60,9095,1736,6.85,0.11,77.07
"HIV 1/2, SKB Colloidal Gold, Diagnostic Kit, Antibody, 50 Tests","HIV 1/2, SKB Colloidal Gold, Diagnostic Kit, Antibody, 50 Tests",,1,300,182,24.5,24.5,9.09
"Nevirapine 200mg, tablets, 60 Tabs","Nevirapine 200mg, tablets, 60 Tabs",200mg,60,7600,1292,2.08,0.03,16.25
"Lamivudine/Zidovudine 150/300mg, tablets, 60 Tabs","Lamivudine/Zidovudine 150/300mg, tablets, 60 Tabs",150/300mg,60,50544,4669,6.61,0.11,343.45
"Efavirenz 200mg, capsule, 90 Caps","Efavirenz 200mg, capsule, 90 Caps",200mg,90,100,Weight Captured Separately,32.98,0.37,6.46
"Tenofovir Disoproxil Fumarate 300mg, tablets, 30 Tabs","Tenofovir Disoproxil Fumarate 300mg, tablets, 30 Tabs",300mg,30,3528,395,7.75,0.26,58.95
"HIV 1/2, Determine Complete HIV Kit, 100 Tests","HIV 1/2, Determine Complete HIV Kit, 100 Tests",,100,2915,1208,0,0,0
"HIV 1/2, Determine Complete HIV Kit, 100 Tests","HIV 1/2, Determine Complete HIV Kit, 100 Tests",,100,3484,1415,80,0.8,286.52
"HIV 1/2, Bioline 3.0 Kit, Lancets, Capillary pipets, Alcohol swabs included, 25 Tests","HIV 1/2, Bioline 3.0 Kit, Lancets, Capillary pipets, Alcohol swabs included, 25 Tests",,25,10000,3334,20,0.8,330
"HIV 1/2, Uni-Gold HIV Kit, 20 Tests","HIV 1/2, Uni-Gold HIV Kit, 20 Tests",,20,9500,2783,32,1.6,312.51
"Efavirenz/Lamivudine/Tenofovir Disoproxil Fumarate 600/300/300mg, tablets, 30 Tabs","Efavirenz/Lamivudine/Tenofovir Disoproxil Fumarate 600/300/300mg, tablets, 30 Tabs",600/300/300mg,30,1244,175,14.1,0.47,28.94
"Lamivudine/Zidovudine 150/300mg, tablets, 60 Tabs","Lamivudine/Zidovudine 150/300mg, tablets, 60 Tabs",150/300mg,60,59,Weight Captured Separately,28.02,0.47,1.7
"Abacavir/Lamivudine/Zidovudine 300/150/300mg, tablets, 60 Tabs","Abacavir/Lamivudine/Zidovudine 300/150/300mg, tablets, 60 Tabs",300/150/300mg,60,4000,655,28,0.47,184.8
"Lopinavir/Ritonavir 80/20mg/ml [Kaletra], oral solution, cool, Bottle 5 x 60 ml","Lopinavir/Ritonavir 80/20mg/ml [Kaletra], oral solution, cool, Bottle 5 x 60 ml",80/20mg/ml,300,400,454,30.82,0.1,15.25
"HIV 1/2, Determine Complete HIV Kit, 100 Tests","HIV 1/2, Determine Complete HIV Kit, 100 Tests",,100,70,Weight Captured Separately,89,0.89,7.33
"Didanosine 250mg, delayed-release capsules, 30 Caps","Didanosine 250mg, delayed-release capsules, 30 Caps",250mg,30,800,77,7.58,0.25,6.23
"Lamivudine/Zidovudine 30/60mg, dispersible tablets, 60 Tabs","Lamivudine/Zidovudine 30/60mg, dispersible tablets, 60 Tabs",30/60mg,60,7445,574,2.24,0.04,17.14
"Nevirapine 10mg/ml, oral suspension w/syringe, Bottle, 240 ml","Nevirapine 10mg/ml, oral suspension w/syringe, Bottle, 240 ml",10mg/ml,240,263,182,1.85,0.01,0.6
"Lamivudine 150mg, tablets, 60 Tabs","Lamivudine 150mg, tablets, 60 Tabs",150mg,60,56000,2996,2.38,0.04,287.35
"Efavirenz 600mg, tablets, 30 Tabs","Efavirenz 600mg, tablets, 30 Tabs",600mg,30,100986,10579,3.4,0.11,481.38
"HIV 1/2, Stat-Pak HIV, Kit, 20 Tests","HIV 1/2, Stat-Pak HIV, Kit, 20 Tests",,20,1900,550,29,1.45,68.16
"HIV 1/2, Determine Complete HIV Kit, 100 Tests","HIV 1/2, Determine Complete HIV Kit, 100 Tests",,100,100,39,80,0.8,8.22
"Lopinavir/Ritonavir 200/50mg [Aluvia], tablets, 120 Tabs","Lopinavir/Ritonavir 200/50mg [Aluvia], tablets, 120 Tabs",200/50mg,120,3812,824,60.82,0.51,325.05
"HIV 1/2, Bioline 3.0 Kit, 100 Tests","HIV 1/2, Bioline 3.0 Kit, 100 Tests",,100,112,See ASN-12145 (ID#:13696),75,0.75,13.86
"Efavirenz 600mg, tablets, 30 Tabs","Efavirenz 600mg, tablets, 30 Tabs",600mg,30,3528,383,6.5,0.22,44.95
"HIV 1/2, Determine Complete HIV Kit, 100 Tests","HIV 1/2, Determine Complete HIV Kit, 100 Tests",,100,2044,976,89,0.89,300.16
"Abacavir 300mg, tablets, 60 Tabs","Abacavir 300mg, tablets, 60 Tabs",300mg,60,9,Weight Captured Separately,68.99,1.15,0.64
"Efavirenz 50mg, capsule, 30 Caps","Efavirenz 50mg, capsule, 30 Caps",50mg,30,20867,1337,1.56,0.05,40.27
"Nevirapine 200mg, tablets, 60 Tabs","Nevirapine 200mg, tablets, 60 Tabs",200mg,60,150000,9306,2.87,0.05,710.32
"Nevirapine 200mg, tablets, 60 Tabs","Nevirapine 200mg, tablets, 60 Tabs",200mg,60,159000,16729,2.79,0.05,956.42
"Artemether/Lumefantrine 20/120mg [Coartem], scored tablets, Blister 30 x 24 Tabs","Artemether/Lumefantrine 20/120mg [Coartem], scored tablets, Blister 30 x 24 Tabs",20/120mg,720,1245,859,39,0.05,104.68
"Raltegravir 400mg [Isentress], tablets, 60 Tabs","Raltegravir 400mg [Isentress], tablets, 60 Tabs",400mg,60,24,Weight Captured Separately,84.64,1.41,2.09
"Nelfinavir (as mesilate) 250mg [Viracept], tablets, 270 Tabs","Nelfinavir (as mesilate) 250mg [Viracept], tablets, 270 Tabs",250mg,270,109,27,159.73,0.59,28.73
"Emtricitabine/Tenofovir Disoproxil Fumarate 200/300mg [Truvada], tablets, 30 Tabs","Emtricitabine/Tenofovir Disoproxil Fumarate 200/300mg [Truvada], tablets, 30 Tabs",300/200mg,30,100,Weight Captured Separately,46.7,1.56,10.07
"Lopinavir/Ritonavir 80/20mg/ml [Kaletra], oral solution, cool, Bottle 5 x 60 ml","Lopinavir/Ritonavir 80/20mg/ml [Kaletra], oral solution, cool, Bottle 5 x 60 ml",80/20mg/ml,300,3,Weight Captured Separately,17.14,0.06,0.05
"Abacavir 20mg/ml [Ziagen], oral solution, Bottle, 240 ml","Abacavir 20mg/ml [Ziagen], oral solution, Bottle, 240 ml",20mg/ml,240,28000,Weight Captured Separately,10.02,0.04,604.89
"Efavirenz 600mg, tablets, 30 Tabs","Efavirenz 600mg, tablets, 30 Tabs",600mg,30,5745,488,4.51,0.15,42.75
"HIV 1/2, Determine Complete HIV Kit, 100 Tests","HIV 1/2, Determine Complete HIV Kit, 100 Tests",,100,2730,1053,80,0.8,360.36
"Lamivudine 10mg/ml, oral solution w/syringe, Bottle, 240 ml","Lamivudine 10mg/ml, oral solution w/syringe, Bottle, 240 ml",10mg/ml,240,6395,Weight Captured Separately,3,0.01,41.36
"Zidovudine 300mg, tablets, 60 Tabs","Zidovudine 300mg, tablets, 60 Tabs",300mg,60,7,Weight Captured Separately,18.03,0.3,0.13
"HIV 1/2, Determine Complete HIV Kit, 100 Tests","HIV 1/2, Determine Complete HIV Kit, 100 Tests",,100,2744,1303,89,0.89,342.39
"Efavirenz 200mg, capsule, 90 Caps","Efavirenz 200mg, capsule, 90 Caps",200mg,90,3680,6385,5.5,0.06,25.04
"Efavirenz 600mg, tablets, 30 Tabs","Efavirenz 600mg, tablets, 30 Tabs",600mg,30,71376,5864,3.24,0.11,286.07
"Lopinavir/Ritonavir 200/50mg [Aluvia], tablets, 120 Tabs","Lopinavir/Ritonavir 200/50mg [Aluvia], tablets, 120 Tabs",200/50mg,120,48,Weight Captured Separately,25.76,0.21,1.53
"Lopinavir/Ritonavir 80/20mg/ml [Kaletra], oral solution, cool, Bottle 5 x 60 ml","Lopinavir/Ritonavir 80/20mg/ml [Kaletra], oral solution, cool, Bottle 5 x 60 ml",80/20mg/ml,300,2265,2272,30.82,0.1,71.76
"HIV 1/2, Determine HIV Kit, without Lancets, 100 Tests","HIV 1/2, Determine HIV Kit, without Lancets, 100 Tests",,100,1000,227,97.68,0.98,210.6
"Didanosine 50mg [Videx], chewable tablets, 60 Tabs","Didanosine 50mg [Videx], chewable tablets, 60 Tabs",50mg,60,6000,1278,9.5,0.16,122.89
"Efavirenz 600mg, tablets, 30 Tabs","Efavirenz 600mg, tablets, 30 Tabs",600mg,30,29908,2423,2.98,0.1,91.62
"Zidovudine 300mg, tablets, 60 Tabs","Zidovudine 300mg, tablets, 60 Tabs",300mg,60,87500,4416,7.33,0.12,1382.8
"HIV 1/2, Determine Complete HIV Kit, 100 Tests","HIV 1/2, Determine Complete HIV Kit, 100 Tests",,100,3200,1394,80,0.8,316.67
"Nevirapine 10mg/ml, oral suspension w/syringe, Bottle, 240 ml","Nevirapine 10mg/ml, oral suspension w/syringe, Bottle, 240 ml",10mg/ml,240,9720,4365,1.51,0.01,15.09
"HIV 1/2, SKB Colloidal Gold, Diagnostic Kit, Antibody, 50 Tests","HIV 1/2, SKB Colloidal Gold, Diagnostic Kit, Antibody, 50 Tests",,1,4068,2712,24.5,24.5,102.46
"HIV 1/2, Determine Complete HIV Kit, 100 Tests","HIV 1/2, Determine Complete HIV Kit, 100 Tests",,100,2132,1017,80,0.8,239.13
"Lopinavir/Ritonavir 80/20mg/ml [Kaletra], oral solution, cool, Bottle 5 x 60 ml","Lopinavir/Ritonavir 80/20mg/ml [Kaletra], oral solution, cool, Bottle 5 x 60 ml",80/20mg/ml,300,60,113,30.82,0.1,2.29
"Lamivudine/Zidovudine 30/60mg, tablets, 60 Tabs","Lamivudine/Zidovudine 30/60mg, tablets, 60 Tabs",30/60mg,60,1769,1961,2.1,0.04,4.6
"Abacavir 20mg/ml [Ziagen], oral solution, Bottle, 240 ml","Abacavir 20mg/ml [Ziagen], oral solution, Bottle, 240 ml",20mg/ml,240,26000,Weight Captured Separately,15.08,0.06,845.32
"Efavirenz/Emtricitabine/Tenofovir Disoproxil Fumarate 600/200/300mg, tablets, 30 Tabs","Efavirenz/Emtricitabine/Tenofovir Disoproxil Fumarate 600/200/300mg, tablets, 30 Tabs",600/200/300mg,30,9,Weight Captured Separately,38.09,1.27,0.4
"Atazanavir 200mg [Reyataz], capsules, 60 Caps","Atazanavir 200mg [Reyataz], capsules, 60 Caps",200mg,60,1080,282,40.62,0.68,45.1
"Efavirenz/Emtricitabine/Tenofovir Disoproxil Fumarate 600/200/300mg, tablets, 30 Tabs","Efavirenz/Emtricitabine/Tenofovir Disoproxil Fumarate 600/200/300mg, tablets, 30 Tabs",600/200/300mg,30,9000,1081,19.9,0.66,386.14
"Indinavir 400mg [Crixivan], capsules, 180 Caps","Indinavir 400mg [Crixivan], capsules, 180 Caps",400mg,180,75,19,50,0.28,7.35
"Didanosine 2g [Videx], powder for oral solution 10mg/ml, reconstitute to 200 ml","Didanosine 2g [Videx], powder for oral solution 10mg/ml, reconstitute to 200 ml",2g,200,192,Weight Captured Separately,12.59,0.06,5.21
"HIV 1/2, Determine Complete HIV Kit, 100 Tests","HIV 1/2, Determine Complete HIV Kit, 100 Tests",,100,337,181,89,0.89,42.05
"Abacavir 20mg/ml [Ziagen], oral solution, Bottle, 240 ml","Abacavir 20mg/ml [Ziagen], oral solution, Bottle, 240 ml",20mg/ml,240,599,Weight Captured Separately,19.97,0.08,23.45
"HIV 1/2, Uni-Gold HIV Kit, 20 Tests","HIV 1/2, Uni-Gold HIV Kit, 20 Tests",,20,8018,2607,32,1.6,359.72
"Efavirenz/Lamivudine/Tenofovir Disoproxil Fumarate 600/300/300mg, tablets, 30 Tabs","Efavirenz/Lamivudine/Tenofovir Disoproxil Fumarate 600/300/300mg, tablets, 30 Tabs",600/300/300mg,30,9653,Weight Captured Separately,17.48,0.58,363.79
"Zidovudine 300mg, tablets, 60 Tabs","Zidovudine 300mg, tablets, 60 Tabs",300mg,60,2452,127,7.3,0.12,29.53
"Didanosine 250mg, delayed-release capsules, 30 Caps","Didanosine 250mg, delayed-release capsules, 30 Caps",250mg,30,6,Weight Captured Separately,11.84,0.39,0.07
"HIV 1/2, Uni-Gold HIV Kit, 20 Tests","HIV 1/2, Uni-Gold HIV Kit, 20 Tests",,20,2769,876,32,1.6,124.23
"HIV 1/2, Uni-Gold HIV Kit, 20 Tests","HIV 1/2, Uni-Gold HIV Kit, 20 Tests",,20,34,112,32,1.6,1.12
"HIV 1/2, Determine Complete HIV Kit, 100 Tests","HIV 1/2, Determine Complete HIV Kit, 100 Tests",,100,6000,2606,80,0.8,593.76
"Efavirenz 600mg, tablets, 30 Tabs","Efavirenz 600mg, tablets, 30 Tabs",600mg,30,11510,993,4.67,0.16,115.89
"Lamivudine 150mg, tablets, 60 Tabs","Lamivudine 150mg, tablets, 60 Tabs",150mg,60,20000,2806,2,0.03,66
"Efavirenz 600mg, tablets, 30 Tabs","Efavirenz 600mg, tablets, 30 Tabs",600mg,30,12000,Weight Captured Separately,4.51,0.15,116.68
"Didanosine 25mg [Videx], chewable tablets, 60 Tabs","Didanosine 25mg [Videx], chewable tablets, 60 Tabs",25mg,60,270,59,46.3,0.77,26.95
"Abacavir 20mg/ml, oral solution, Bottle, 240 ml","Abacavir 20mg/ml, oral solution, Bottle, 240 ml",20mg/ml,240,375,300,6.83,0.03,2.63
"Efavirenz 600mg, tablets, 30 Tabs","Efavirenz 600mg, tablets, 30 Tabs",600mg,30,1368,Weight Captured Separately,16.08,0.54,27.21
"Lamivudine/Nevirapine/Zidovudine 150/200/300mg, tablets, 60 Tabs","Lamivudine/Nevirapine/Zidovudine 150/200/300mg, tablets, 60 Tabs",150/300/200mg,60,16300,2011,11.15,0.19,356.22
"HIV 1/2, Uni-Gold HIV Kit, 20 Tests","HIV 1/2, Uni-Gold HIV Kit, 20 Tests",,20,3662,1255,32,1.6,193.35
"Didanosine 400mg, delayed-release capsules, 30 Caps","Didanosine 400mg, delayed-release capsules, 30 Caps",400mg,30,7,Weight Captured Separately,14.22,0.47,0.1
"Lamivudine 10mg/ml, oral solution w/syringe, Bottle, 240 ml","Lamivudine 10mg/ml, oral solution w/syringe, Bottle, 240 ml",10mg/ml,240,464,437,1.85,0.01,1.06
"HIV 1/2, Determine Complete HIV Kit, 100 Tests","HIV 1/2, Determine Complete HIV Kit, 100 Tests",,100,81,37,80,0.8,8.02
"Zidovudine 300mg, tablets, 60 Tabs","Zidovudine 300mg, tablets, 60 Tabs",300mg,60,10000,574,6.5,0.11,66.82
"Lopinavir/Ritonavir 200/50mg, tablets, 120 Tabs","Lopinavir/Ritonavir 200/50mg, tablets, 120 Tabs",200/50mg,120,1202,Weight Captured Separately,34.3,0.29,88.89
"HIV 1/2, Determine Complete HIV Kit, 100 Tests","HIV 1/2, Determine Complete HIV Kit, 100 Tests",,100,1400,577,80,0.8,138.54
"Lamivudine/Tenofovir Disoproxil Fumarate 300/300mg, tablets, 30 Tabs","Lamivudine/Tenofovir Disoproxil Fumarate 300/300mg, tablets, 30 Tabs",300/300mg,30,36831,17826,4.62,0.15,174.92
"HIV 1/2, Uni-Gold HIV Kit, 20 Tests","HIV 1/2, Uni-Gold HIV Kit, 20 Tests",,20,8460,2753,32,1.6,334.88
"Nevirapine 10mg/ml, oral suspension w/syringe, Bottle, 240 ml","Nevirapine 10mg/ml, oral suspension w/syringe, Bottle, 240 ml",10mg/ml,240,2162,838,3.15,0.01,14.68
"HIV 1/2, Determine Complete HIV Kit, 100 Tests","HIV 1/2, Determine Complete HIV Kit, 100 Tests",,100,2342,1113,80,0.8,309.14
"Efavirenz 600mg, tablets, 30 Tabs","Efavirenz 600mg, tablets, 30 Tabs",600mg,30,115,Weight Captured Separately,16.73,0.56,2.38
"HIV 1/2, Determine Complete HIV Kit, 100 Tests","HIV 1/2, Determine Complete HIV Kit, 100 Tests",,100,4708,1914,80,0.8,387.19
"Lopinavir/Ritonavir 200/50mg, tablets, 120 Tabs","Lopinavir/Ritonavir 200/50mg, tablets, 120 Tabs",200/50mg,120,2486,4354,34.3,0.29,183.84
"HIV 1/2, Uni-Gold HIV Kit, 20 Tests","HIV 1/2, Uni-Gold HIV Kit, 20 Tests",,20,2000,793,32,1.6,105.6
"Raltegravir 400mg [Isentress], tablets, 60 Tabs","Raltegravir 400mg [Isentress], tablets, 60 Tabs",400mg,60,120,Weight Captured Separately,55.5,0.92,7.84
"Nevirapine 200mg, tablets, 60 Tabs","Nevirapine 200mg, tablets, 60 Tabs",200mg,60,34595,3642,2.25,0.04,96.29
"Lamivudine 10mg/ml, oral solution w/syringe, Bottle, 240 ml","Lamivudine 10mg/ml, oral solution w/syringe, Bottle, 240 ml",10mg/ml,240,8474,3206,3,0.01,54.81
"Lamivudine/Stavudine 150/30mg, tablets, 60 Tabs","Lamivudine/Stavudine 150/30mg, tablets, 60 Tabs",150/30mg,60,71596,3652,3.37,0.06,520.2
"Abacavir 300mg, tablets, 60 Tabs","Abacavir 300mg, tablets, 60 Tabs",300mg,60,46530,4810,12.49,0.21,814.79
"Artemether/Lumefantrine 20/120mg [Coartem], scored tablets, Blister 30 x 24 Tabs","Artemether/Lumefantrine 20/120mg [Coartem], scored tablets, Blister 30 x 24 Tabs",20/120mg,720,1000,711,39,0.05,64.35
"Ritonavir 100mg [Norvir], film coated tablets, 30 Tabs","Ritonavir 100mg [Norvir], film coated tablets, 30 Tabs",100mg,30,400,40,23.26,0.78,10.95
"HIV 1/2, Determine Complete HIV Kit, 100 Tests","HIV 1/2, Determine Complete HIV Kit, 100 Tests",,100,228,See ASN-32231 (ID#:13648),80,0.8,21.47
"Lamivudine/Nevirapine/Zidovudine 150/200/300mg, tablets, 60 Tabs","Lamivudine/Nevirapine/Zidovudine 150/200/300mg, tablets, 60 Tabs",150/300/200mg,60,30000,10210,10.45,0.17,517.28
"HIV 1/2, Determine Complete HIV Kit, 100 Tests","HIV 1/2, Determine Complete HIV Kit, 100 Tests",,100,218,91,80,0.8,21.57
"Chase Buffer, Determine, 100 Tests, 2.5ml x 1 Vial","Chase Buffer, Determine, 100 Tests, 2.5ml x 1 Vial",,1,45,Weight Captured Separately,5,5,0.26
"Zidovudine 300mg, tablets, 60 Tabs","Zidovudine 300mg, tablets, 60 Tabs",300mg,60,12,Weight Captured Separately,18.03,0.3,0.22
"HIV 1/2, Clearview Complete Kit, 25 Tests","HIV 1/2, Clearview Complete Kit, 25 Tests",,25,20,9,95,3.8,2.35
"Lamivudine/Nevirapine/Zidovudine 150/200/300mg, tablets, 60 Tabs","Lamivudine/Nevirapine/Zidovudine 150/200/300mg, tablets, 60 Tabs",150/300/200mg,60,23040,3138,8.11,0.14,192.09
"Stavudine 1mg/ml [Zerit], powder for oral solution, Bottle, 200 ml","Stavudine 1mg/ml [Zerit], powder for oral solution, Bottle, 200 ml",1mg/ml,200,2200,Weight Captured Separately,1.78,0.01,7.67
"HIV 1/2, Uni-Gold HIV Kit, 20 Tests","HIV 1/2, Uni-Gold HIV Kit, 20 Tests",,20,400,Weight Captured Separately,32,1.6,15.07
"Lamivudine/Tenofovir Disoproxil Fumarate 300/300mg, tablets, 30 Tabs","Lamivudine/Tenofovir Disoproxil Fumarate 300/300mg, tablets, 30 Tabs",300/300mg,30,41286,4027,5.35,0.18,309.67
"Lamivudine/Tenofovir Disoproxil Fumarate 300/300mg, tablets, 30 Tabs","Lamivudine/Tenofovir Disoproxil Fumarate 300/300mg, tablets, 30 Tabs",300/300mg,30,117359,10329,8.5,0.28,2150.72
"Lamivudine/Nevirapine/Zidovudine 150/200/300mg, tablets, 60 Tabs","Lamivudine/Nevirapine/Zidovudine 150/200/300mg, tablets, 60 Tabs",150/300/200mg,60,20500,2904,11.15,0.19,448.01
"Efavirenz 600mg, tablets, 30 Tabs","Efavirenz 600mg, tablets, 30 Tabs",600mg,30,9612,Weight Captured Separately,19.05,0.64,358.87
"HIV 1/2, Uni-Gold HIV Kit, 20 Tests","HIV 1/2, Uni-Gold HIV Kit, 20 Tests",,20,5264,1826,32,1.6,363.17
"Didanosine 250mg, delayed-release capsules, 30 Caps","Didanosine 250mg, delayed-release capsules, 30 Caps",250mg,30,2600,236,13,0.43,72.87
"Tenofovir Disoproxil Fumarate 300mg, tablets, 30 Tabs","Tenofovir Disoproxil Fumarate 300mg, tablets, 30 Tabs",300mg,30,137654,9147,6.86,0.23,1558.11
"Nevirapine 10mg/ml, oral suspension w/syringe, Bottle, 240 ml","Nevirapine 10mg/ml, oral suspension w/syringe, Bottle, 240 ml",10mg/ml,240,705,346,1.51,0.01,1.09
"Lamivudine/Nevirapine/Zidovudine 150/200/300mg, tablets, 60 Tabs","Lamivudine/Nevirapine/Zidovudine 150/200/300mg, tablets, 60 Tabs",150/300/200mg,60,36426,4609,8.13,0.14,366.33
"HIV 1/2, Stat-Pak HIV, Kit, 20 Tests","HIV 1/2, Stat-Pak HIV, Kit, 20 Tests",,20,1129,328,29,1.45,54.02
"Lamivudine 150mg, tablets, 60 Tabs","Lamivudine 150mg, tablets, 60 Tabs",150mg,60,14011,1953,1.85,0.03,32.06
"HIV 1/2, Determine Complete HIV Kit, 100 Tests","HIV 1/2, Determine Complete HIV Kit, 100 Tests",,100,1859,840,89,0.89,231.96
"Didanosine 250mg, delayed-release capsules, 30 Caps","Didanosine 250mg, delayed-release capsules, 30 Caps",250mg,30,1,Weight Captured Separately,11.02,0.37,0.01
"Mefloquine 250mg (as hydrochloride), tablets, 100 Tabs","Mefloquine 250mg (as hydrochloride), tablets, 100 Tabs",250mg,100,100,1173,89.05,0.89,12.48
"Didanosine EC 250mg [Videx EC], delayed-release capsules, Blister 3 x 10 Caps","Didanosine EC 250mg [Videx EC], delayed-release capsules, Blister 3 x 10 Caps",250mg,30,18544,1478,18.34,0.61,666.59
"Abacavir/Lamivudine 60/30mg, tablets, 60 Tabs","Abacavir/Lamivudine 60/30mg, tablets, 60 Tabs",60/30mg,60,3300,16350,3.95,0.07,13.4
"Efavirenz 200mg, capsule, 90 Caps","Efavirenz 200mg, capsule, 90 Caps",200mg,90,1515,201,9.98,0.11,32.6
"Didanosine 400mg, delayed-release capsules, 30 Caps","Didanosine 400mg, delayed-release capsules, 30 Caps",400mg,30,2225,174,20,0.67,73.42
"Didanosine 100mg [Videx],chewable tablets, 60 Tabs","Didanosine 100mg [Videx],chewable tablets, 60 Tabs",100mg,60,4132,1598,12.75,0.21,86.93
"Lamivudine/Nevirapine/Zidovudine 150/200/300mg, tablets, 60 Tabs","Lamivudine/Nevirapine/Zidovudine 150/200/300mg, tablets, 60 Tabs",150/300/200mg,60,21858,2777,8.42,0.14,227.66
"HIV 1/2, Stat-Pak Dipstick Assay Kit, 30 Tests","HIV 1/2, Stat-Pak Dipstick Assay Kit, 30 Tests",,30,414,44,27.6,0.92,11.75
"HIV 1/2, Bioline 3.0 Kit, Lancets, Capillary pipets, Alcohol swabs included, 25 Tests","HIV 1/2, Bioline 3.0 Kit, Lancets, Capillary pipets, Alcohol swabs included, 25 Tests",,25,10000,3335,20,0.8,330
"Nevirapine 50mg, dispersible tablets (tablets for oral suspension), 30 Tabs","Nevirapine 50mg, dispersible tablets (tablets for oral suspension), 30 Tabs",50mg,30,2894,1486,1.25,0.04,5.07
"HIV 1/2, Stat-Pak HIV, Kit, 20 Tests","HIV 1/2, Stat-Pak HIV, Kit, 20 Tests",,20,679,195,32.5,1.62,22.69
"HIV 1/2, Determine Complete HIV Kit, 100 Tests","HIV 1/2, Determine Complete HIV Kit, 100 Tests",,100,7999,1378,89,0.89,998.1
"HIV 1/2, Uni-Gold HIV Kit, 20 Tests","HIV 1/2, Uni-Gold HIV Kit, 20 Tests",,20,26,17,32,1.6,1.17
"Nevirapine 200mg, tablets, 60 Tabs","Nevirapine 200mg, tablets, 60 Tabs",200mg,60,29925,1041,3.09,0.05,181.24
"HIV 1/2, Determine Complete HIV Kit, 100 Tests","HIV 1/2, Determine Complete HIV Kit, 100 Tests",,100,2772,Weight Captured Separately,92,0.92,420.79
"Etravirine 100mg [Intelence], tablets, 120 Tabs","Etravirine 100mg [Intelence], tablets, 120 Tabs",100mg,120,27,Weight Captured Separately,27.51,0.23,0.76
"HIV 1/2, Determine Complete HIV Kit, 100 Tests","HIV 1/2, Determine Complete HIV Kit, 100 Tests",,100,100,Weight Captured Separately,89,0.89,10.48
"Lopinavir/Ritonavir 200/50mg, tablets, 120 Tabs","Lopinavir/Ritonavir 200/50mg, tablets, 120 Tabs",200/50mg,120,23240,6853,33.4,0.28,1673.52
"Darunavir 300mg [Prezista], tablets, 120 Tabs","Darunavir 300mg [Prezista], tablets, 120 Tabs",300mg,120,36,Weight Captured Separately,69.71,0.58,2.58
"HIV 1/2, Bioline 3.0 Kit, Lancets, Capillary pipets, Alcohol swabs included, 25 Tests","HIV 1/2, Bioline 3.0 Kit, Lancets, Capillary pipets, Alcohol swabs included, 25 Tests",,25,10000,3335,20,0.8,330
"Zidovudine 300mg, tablets, 60 Tabs","Zidovudine 300mg, tablets, 60 Tabs",300mg,60,63200,4007,5.5,0.09,357.33
"Nevirapine 200mg, tablets, 60 Tabs","Nevirapine 200mg, tablets, 60 Tabs",200mg,60,37870,4121,2.72,0.05,169.96
"Lamivudine/Nevirapine/Zidovudine 30/50/60mg, dispersible tablets, 60 Tabs","Lamivudine/Nevirapine/Zidovudine 30/50/60mg, dispersible tablets, 60 Tabs",30/50/60mg,60,889,94,3.6,0.06,3.96
"Nevirapine 10mg/ml [Viramune], oral suspension, Bottle, 240 ml","Nevirapine 10mg/ml [Viramune], oral suspension, Bottle, 240 ml",10mg/ml,240,220,Weight Captured Separately,15.65,0.07,6.75
"Lopinavir/Ritonavir 200/50mg, tablets, 120 Tabs","Lopinavir/Ritonavir 200/50mg, tablets, 120 Tabs",200/50mg,120,2074,627,36.04,0.3,104.8
"Lamivudine 150mg, tablets, 60 Tabs","Lamivudine 150mg, tablets, 60 Tabs",150mg,60,20000,1044,2.15,0.04,44.2
"Lopinavir/Ritonavir 200/50mg [Aluvia], tablets, 120 Tabs","Lopinavir/Ritonavir 200/50mg [Aluvia], tablets, 120 Tabs",200/50mg,120,1969,484,60.82,0.51,148.14
"HIV 1/2, Determine Complete HIV Kit, 100 Tests","HIV 1/2, Determine Complete HIV Kit, 100 Tests",,100,12315,3637,89,0.89,1808.46
"HIV 1/2, Determine Complete HIV Kit, 100 Tests","HIV 1/2, Determine Complete HIV Kit, 100 Tests",,100,8442,1454,80,0.8,1456.08
"Emtricitabine/Tenofovir Disoproxil Fumarate 200/300mg, tablets, 30 Tabs","Emtricitabine/Tenofovir Disoproxil Fumarate 200/300mg, tablets, 30 Tabs",200/300mg,30,11811,1184,5.9,0.2,86.2
"Efavirenz 50mg, capsule, 30 Caps","Efavirenz 50mg, capsule, 30 Caps",50mg,30,3000,436,2.24,0.07,9.42
"Tenofovir Disoproxil Fumarate 300mg, tablets, 30 Tabs","Tenofovir Disoproxil Fumarate 300mg, tablets, 30 Tabs",300mg,30,34640,2804,3.55,0.12,152.12
"Nevirapine 10mg/ml, oral suspension w/syringe, Bottle, 240 ml","Nevirapine 10mg/ml, oral suspension w/syringe, Bottle, 240 ml",10mg/ml,240,9690,3790,1.51,0.01,15.04
"HIV 1/2, Stat-Pak Dipstick Assay Kit, 30 Tests","HIV 1/2, Stat-Pak Dipstick Assay Kit, 30 Tests",,30,1458,158,27.6,0.92,49.78
"Abacavir 300mg, tablets, 60 Tabs","Abacavir 300mg, tablets, 60 Tabs",300mg,60,100,2128,17.5,0.29,3.77
"HIV 1/2, Determine Complete HIV Kit, 100 Tests","HIV 1/2, Determine Complete HIV Kit, 100 Tests",,100,5900,2393,80,0.8,485.22
"Zidovudine 10mg/ml, oral solution, Bottle, 240 ml","Zidovudine 10mg/ml, oral solution, Bottle, 240 ml",10mg/ml,240,2040,Weight Captured Separately,2,0.01,4.19
"Abacavir 300mg, tablets, 60 Tabs","Abacavir 300mg, tablets, 60 Tabs",300mg,60,112,1701,14.45,0.24,2.67
"Efavirenz 600mg, tablets, 30 Tabs","Efavirenz 600mg, tablets, 30 Tabs",600mg,30,11592,See ASN-6355 (ID#:16828),4.49,0.15,112.22
"Atazanavir/Ritonavir 300/100mg, tablets, 30 Tabs","Atazanavir/Ritonavir 300/100mg, tablets, 30 Tabs",300/100mg,30,10150,1360,22.5,0.75,320.18
"Nevirapine 200mg, tablets, 60 Tabs","Nevirapine 200mg, tablets, 60 Tabs",200mg,60,143,Weight Captured Separately,16.18,0.27,2.72
"Ritonavir 100mg [Norvir], film coated tablets, 30 Tabs","Ritonavir 100mg [Norvir], film coated tablets, 30 Tabs",100mg,30,319,1736,23.26,0.78,9.18
"Nevirapine 200mg, tablets, 60 Tabs","Nevirapine 200mg, tablets, 60 Tabs",200mg,60,28663,3380,2.6,0.04,160.67
"Ritonavir 100mg [Norvir], film coated tablets, 60 Tabs","Ritonavir 100mg [Norvir], film coated tablets, 60 Tabs",100mg,60,120,22,6.85,0.11,0.85
"HIV 1/2, Stat-Pak HIV, Kit, 20 Tests","HIV 1/2, Stat-Pak HIV, Kit, 20 Tests",,20,2371,939,29,1.45,96.4
"HIV 1/2, Determine Complete HIV Kit, 100 Tests","HIV 1/2, Determine Complete HIV Kit, 100 Tests",,100,2863,1159,80,0.8,235.45
"Saquinavir 500mg [Invirase], tablets, 120 Tabs","Saquinavir 500mg [Invirase], tablets, 120 Tabs",500mg,120,1500,271,99.85,0.83,322.93
"Efavirenz/Lamivudine/Tenofovir Disoproxil Fumarate 600/300/300mg, tablets, 30 Tabs","Efavirenz/Lamivudine/Tenofovir Disoproxil Fumarate 600/300/300mg, tablets, 30 Tabs",600/300/300mg,30,84000,9479,11.49,0.38,1193.9
"HIV 1/2, Determine Complete HIV Kit, 100 Tests","HIV 1/2, Determine Complete HIV Kit, 100 Tests",,100,3053,1265,0,0,0
"HIV 1/2, Determine Complete HIV Kit, 100 Tests","HIV 1/2, Determine Complete HIV Kit, 100 Tests",,100,2352,1117,80,0.8,263.8
"Atazanavir/Ritonavir 300/100mg, tablets, 30 Tabs","Atazanavir/Ritonavir 300/100mg, tablets, 30 Tabs",300/100mg,30,5000,670,20,0.67,123.7
"Nevirapine 200mg, tablets, 60 Tabs","Nevirapine 200mg, tablets, 60 Tabs",200mg,60,66825,3845,3.09,0.05,404.72
"HIV 1/2, Determine Complete HIV Kit, 100 Tests","HIV 1/2, Determine Complete HIV Kit, 100 Tests",,100,27,Weight Captured Separately,125,1.25,5.57
"Zidovudine 300mg, tablets, 60 Tabs","Zidovudine 300mg, tablets, 60 Tabs",300mg,60,336,120,7.5,0.12,4.94
"Tenofovir Disoproxil Fumarate 300mg, tablets, 30 Tabs","Tenofovir Disoproxil Fumarate 300mg, tablets, 30 Tabs",300mg,30,43280,4040,6.65,0.22,474.89
"HIV 1/2, Uni-Gold HIV Kit, 20 Tests","HIV 1/2, Uni-Gold HIV Kit, 20 Tests",,20,27,See ASN-24721 (ID#:13708),32,1.6,0.89
"HIV 1/2, Determine Complete HIV Kit, 100 Tests","HIV 1/2, Determine Complete HIV Kit, 100 Tests",,100,2751,1061,80,0.8,363.13
"Didanosine EC 250mg [Videx EC], delayed-release capsules, Blister 3 x 10 Caps","Didanosine EC 250mg [Videx EC], delayed-release capsules, Blister 3 x 10 Caps",250mg,30,2098,140,18.34,0.61,63.49
"Efavirenz 50mg, capsule, 30 Caps","Efavirenz 50mg, capsule, 30 Caps",50mg,30,300,Weight Captured Separately,3.49,0.12,2.26
"HIV 1/2, SKB Colloidal Gold, Diagnostic Kit, Antibody, 50 Tests","HIV 1/2, SKB Colloidal Gold, Diagnostic Kit, Antibody, 50 Tests",,1,2072,1383,24.5,24.5,62.8
"Saquinavir 200mg [Invirase], capsules, 270 Caps","Saquinavir 200mg [Invirase], capsules, 270 Caps",200mg,270,3,Weight Captured Separately,55.51,0.21,0.17
"Ritonavir 100mg [Norvir], capsules, cool, 84 Caps","Ritonavir 100mg [Norvir], capsules, cool, 84 Caps",100mg,84,320,Weight Captured Separately,10.35,0.12,7.14
"Lopinavir/Ritonavir 100/25mg [Aluvia], tablets, 60 Tabs","Lopinavir/Ritonavir 100/25mg [Aluvia], tablets, 60 Tabs",100/25mg,60,7850,909,5.94,0.1,57.68
"Abacavir 300mg, tablets, 60 Tabs","Abacavir 300mg, tablets, 60 Tabs",300mg,60,771,136,12.25,0.2,11.68
"HIV 1/2, Uni-Gold HIV Kit, 20 Tests","HIV 1/2, Uni-Gold HIV Kit, 20 Tests",,20,336,101,32,1.6,11.05
"HIV 1/2, Determine Complete HIV Kit, 100 Tests","HIV 1/2, Determine Complete HIV Kit, 100 Tests",,100,1832,829,80,0.8,181.29
"Lamivudine 150mg, tablets, 60 Tabs","Lamivudine 150mg, tablets, 60 Tabs",150mg,60,152535,7698,2.37,0.04,779.41
"Emtricitabine/Tenofovir Disoproxil Fumarate 200/300mg, tablets, 30 Tabs","Emtricitabine/Tenofovir Disoproxil Fumarate 200/300mg, tablets, 30 Tabs",200/300mg,30,12,Weight Captured Separately,23.44,0.78,0.29
"Lamivudine/Nevirapine/Stavudine 150/200/30mg, tablets, 60 Tabs","Lamivudine/Nevirapine/Stavudine 150/200/30mg, tablets, 60 Tabs",150/200/30mg,60,19760,3998,4.8,0.08,204.49
"HIV 1/2, OraQuick Advance HIV Rapid Antibody Kit, 100 Tests","HIV 1/2, OraQuick Advance HIV Rapid Antibody Kit, 100 Tests",,100,5,12,400,4,2.8
"Emtricitabine/Tenofovir Disoproxil Fumarate 200/300mg, tablets, 30 Tabs","Emtricitabine/Tenofovir Disoproxil Fumarate 200/300mg, tablets, 30 Tabs",200/300mg,30,3715,385,5.59,0.19,24.44
"Lamivudine/Zidovudine 150/300mg, tablets, 60 Tabs","Lamivudine/Zidovudine 150/300mg, tablets, 60 Tabs",150/300mg,60,46,Weight Captured Separately,32.99,0.55,1.88
"Lopinavir/Ritonavir 80/20mg/ml [Kaletra], oral solution, cool, Bottle 5 x 60 ml","Lopinavir/Ritonavir 80/20mg/ml [Kaletra], oral solution, cool, Bottle 5 x 60 ml",80/20mg/ml,300,2266,2277,30.82,0.1,71.79
"Lopinavir/Ritonavir 80/20mg/ml [Kaletra], oral solution, cool, Bottle 5 x 60 ml","Lopinavir/Ritonavir 80/20mg/ml [Kaletra], oral solution, cool, Bottle 5 x 60 ml",80/20mg/ml,300,100,164,30.82,0.1,3.81
"HIV 1/2, Determine HIV Kit, without Lancets, 100 Tests","HIV 1/2, Determine HIV Kit, without Lancets, 100 Tests",,100,7412,2097,77.7,0.78,950.26
"HIV 1/2, Determine Complete HIV Kit, 100 Tests","HIV 1/2, Determine Complete HIV Kit, 100 Tests",,100,4987,2022,89,0.89,456.27
"HIV 1/2, Determine Complete HIV Kit, 100 Tests","HIV 1/2, Determine Complete HIV Kit, 100 Tests",,100,378,180,89,0.89,55.51
"Didanosine 400mg, delayed-release capsules, 30 Caps","Didanosine 400mg, delayed-release capsules, 30 Caps",400mg,30,3,Weight Captured Separately,14.22,0.47,0.04
"Lamivudine/Nevirapine/Stavudine 150/200/30mg, tablets, 60 Tabs","Lamivudine/Nevirapine/Stavudine 150/200/30mg, tablets, 60 Tabs",150/200/30mg,60,19920,1936,5.74,0.1,246.52
"Lopinavir/Ritonavir 80/20mg/ml [Kaletra], oral solution, cool, Bottle 5 x 60 ml","Lopinavir/Ritonavir 80/20mg/ml [Kaletra], oral solution, cool, Bottle 5 x 60 ml",80/20mg/ml,300,2,Weight Captured Separately,23.45,0.08,0.06
"Stavudine 1mg/ml, powder for oral solution, 200 ml","Stavudine 1mg/ml, powder for oral solution, 200 ml",1mg/ml,200,500,Weight Captured Separately,2.61,0.01,2.55
"Lamivudine/Zidovudine 150/300mg, tablets, 60 Tabs","Lamivudine/Zidovudine 150/300mg, tablets, 60 Tabs",150/300mg,60,26663,4233,6.61,0.11,181.18
"Efavirenz 600mg, tablets, 30 Tabs","Efavirenz 600mg, tablets, 30 Tabs",600mg,30,143,Weight Captured Separately,16.73,0.56,2.96
"Tenofovir Disoproxil Fumarate 300mg, tablets, 30 Tabs","Tenofovir Disoproxil Fumarate 300mg, tablets, 30 Tabs",300mg,30,47625,3243,7.82,0.26,802.95
"Efavirenz 600mg, tablets, 30 Tabs","Efavirenz 600mg, tablets, 30 Tabs",600mg,30,32280,7017,4.53,0.15,315.27
"HIV 1/2, Determine Complete HIV Kit, 100 Tests","HIV 1/2, Determine Complete HIV Kit, 100 Tests",,100,137,See ASN-32231 (ID#:13648),80,0.8,12.9
"Tenofovir Disoproxil Fumarate 300mg, tablets, 30 Tabs","Tenofovir Disoproxil Fumarate 300mg, tablets, 30 Tabs",300mg,30,26991,1842,7.82,0.26,455.07
"Lamivudine 10mg/ml, oral solution w/syringe, Bottle, 240 ml","Lamivudine 10mg/ml, oral solution w/syringe, Bottle, 240 ml",10mg/ml,240,29,Weight Captured Separately,7.89,0.03,0.28
"Efavirenz 50mg, capsule, 30 Caps","Efavirenz 50mg, capsule, 30 Caps",50mg,30,39,Weight Captured Separately,3.01,0.1,0.12
"Tenofovir Disoproxil Fumarate 300mg, tablets, 30 Tabs","Tenofovir Disoproxil Fumarate 300mg, tablets, 30 Tabs",300mg,30,206,Weight Captured Separately,21.19,0.71,5.4
"Efavirenz 200mg, capsule, 90 Caps","Efavirenz 200mg, capsule, 90 Caps",200mg,90,25000,3313,8.17,0.09,337.01
"HIV 1/2, Uni-Gold HIV Kit, 20 Tests","HIV 1/2, Uni-Gold HIV Kit, 20 Tests",,20,58,19,32,1.6,3.06
"Lamivudine/Zidovudine 150/300mg, tablets, 60 Tabs","Lamivudine/Zidovudine 150/300mg, tablets, 60 Tabs",150/300mg,60,19,Weight Captured Separately,21.45,0.36,0.42
"Nevirapine 200mg, tablets, 60 Tabs","Nevirapine 200mg, tablets, 60 Tabs",200mg,60,25000,3098,2.6,0.04,107.25
"Lamivudine/Zidovudine 150/300mg, tablets, 60 Tabs","Lamivudine/Zidovudine 150/300mg, tablets, 60 Tabs",150/300mg,60,14842,1364,7.08,0.12,147.32
"HIV 1/2, Stat-Pak Dipstick Assay Kit, 30 Tests","HIV 1/2, Stat-Pak Dipstick Assay Kit, 30 Tests",,30,414,45,27.6,0.92,11.75
"HIV 1/2, Determine Kit without Lancets, Buffer or Caplillary Tubes, 100 Tests","HIV 1/2, Determine Kit without Lancets, Buffer or Caplillary Tubes, 100 Tests",,100,81,16,72.15,0.72,8.19
"Efavirenz 200mg, scored tablets, 90 Tabs","Efavirenz 200mg, scored tablets, 90 Tabs",200mg,90,14164,884,9.3,0.1,135.41
"HIV 1/2, OraQuick Advance HIV Rapid Antibody Kit, 100 Tests","HIV 1/2, OraQuick Advance HIV Rapid Antibody Kit, 100 Tests",,100,30,77,350,3.5,10.79
"Nevirapine 10mg/ml, oral suspension w/syringe, Bottle, 240 ml","Nevirapine 10mg/ml, oral suspension w/syringe, Bottle, 240 ml",10mg/ml,240,1295,536,1.51,0.01,2.01
"Efavirenz 600mg, tablets, 30 Tabs","Efavirenz 600mg, tablets, 30 Tabs",600mg,30,3548,See ASN-13410 (ID#:16901),4.05,0.13,23.71
"Lamivudine/Nevirapine/Zidovudine 150/200/300mg, tablets, 60 Tabs","Lamivudine/Nevirapine/Zidovudine 150/200/300mg, tablets, 60 Tabs",150/300/200mg,60,16435,Weight Captured Separately,8.1,0.13,136.85
"HIV 1/2, Uni-Gold HIV Kit, 20 Tests","HIV 1/2, Uni-Gold HIV Kit, 20 Tests",,20,17,See ASN-26738 (ID#:15115),32,1.6,0.56
"Nevirapine 10mg/ml, oral suspension w/syringe, Bottle, 240 ml","Nevirapine 10mg/ml, oral suspension w/syringe, Bottle, 240 ml",10mg/ml,240,2052,908,1.51,0.01,3.83
"Lopinavir/Ritonavir 200/50mg [Aluvia], tablets, 120 Tabs","Lopinavir/Ritonavir 200/50mg [Aluvia], tablets, 120 Tabs",200/50mg,120,10000,2294,36.91,0.31,795.78
"HIV 1/2, SKB Colloidal Gold, Diagnostic Kit, Antibody, 50 Tests","HIV 1/2, SKB Colloidal Gold, Diagnostic Kit, Antibody, 50 Tests",,1,175,125,24.5,24.5,6.01
"HIV 1/2, SKB Colloidal Gold, Diagnostic Kit, Antibody, 50 Tests","HIV 1/2, SKB Colloidal Gold, Diagnostic Kit, Antibody, 50 Tests",,1,175,128,24.5,24.5,6.01
"Lopinavir/Ritonavir 200/50mg [Aluvia], tablets, 120 Tabs","Lopinavir/Ritonavir 200/50mg [Aluvia], tablets, 120 Tabs",200/50mg,120,4280,1063,82.2,0.68,689.56
"Tenofovir Disoproxil Fumarate 300mg, tablets, 30 Tabs","Tenofovir Disoproxil Fumarate 300mg, tablets, 30 Tabs",300mg,30,64269,5999,6.65,0.22,705.19
"Didanosine 250mg, delayed-release capsules, 30 Caps","Didanosine 250mg, delayed-release capsules, 30 Caps",250mg,30,4,Weight Captured Separately,11.02,0.37,0.05
"Efavirenz 200mg, scored tablets, 90 Tabs","Efavirenz 200mg, scored tablets, 90 Tabs",200mg,90,15041,949,9.3,0.1,143.8
"Lamivudine/Nevirapine/Zidovudine 150/200/300mg, tablets, 60 Tabs","Lamivudine/Nevirapine/Zidovudine 150/200/300mg, tablets, 60 Tabs",150/300/200mg,60,28853,3612,8.2,0.14,243.22
"Efavirenz/Lamivudine/Tenofovir Disoproxil Fumarate 600/300/300mg, tablets, 30 Tabs","Efavirenz/Lamivudine/Tenofovir Disoproxil Fumarate 600/300/300mg, tablets, 30 Tabs",600/300/300mg,30,6549,1208,14.1,0.47,152.36
"HIV 1/2, Uni-Gold HIV Kit, 20 Tests","HIV 1/2, Uni-Gold HIV Kit, 20 Tests",,20,50,17,32,1.6,3.45
"HIV 1/2, Determine Complete HIV Kit, 100 Tests","HIV 1/2, Determine Complete HIV Kit, 100 Tests",,100,1200,577,80,0.8,134.59
"Abacavir 300mg, tablets, 60 Tabs","Abacavir 300mg, tablets, 60 Tabs",300mg,60,1436,2832,11.45,0.19,20.34
"Lamivudine/Nevirapine/Zidovudine 150/200/300mg, tablets, 60 Tabs","Lamivudine/Nevirapine/Zidovudine 150/200/300mg, tablets, 60 Tabs",150/300/200mg,60,9000,Weight Captured Separately,8.1,0.13,85.8
"Efavirenz/Lamivudine/Tenofovir Disoproxil Fumarate 600/300/300mg, tablets, 30 Tabs","Efavirenz/Lamivudine/Tenofovir Disoproxil Fumarate 600/300/300mg, tablets, 30 Tabs",600/300/300mg,30,54090,7140,10.5,0.35,702.55
"Didanosine EC 400mg [Videx EC], delayed-release capsules, Blister 3 x 10 Caps","Didanosine EC 400mg [Videx EC], delayed-release capsules, Blister 3 x 10 Caps",400mg,30,1000,335,23.67,0.79,46.39
"Lamivudine/Tenofovir Disoproxil Fumarate 300/300mg, tablets, 30 Tabs","Lamivudine/Tenofovir Disoproxil Fumarate 300/300mg, tablets, 30 Tabs",300/300mg,30,35955,3520,4.65,0.16,171.87
"Didanosine 50mg [Videx], chewable tablets, 60 Tabs","Didanosine 50mg [Videx], chewable tablets, 60 Tabs",50mg,60,161,Weight Captured Separately,75.62,1.26,20.09
"Zidovudine 300mg, tablets, 60 Tabs","Zidovudine 300mg, tablets, 60 Tabs",300mg,60,216,Weight Captured Separately,25.52,0.43,6.82
"Lopinavir/Ritonavir 100/25mg [Aluvia], tablets, 60 Tabs","Lopinavir/Ritonavir 100/25mg [Aluvia], tablets, 60 Tabs",100/25mg,60,4600,535,5.94,0.1,33.8
"HIV 1/2, Determine Complete HIV Kit, 100 Tests","HIV 1/2, Determine Complete HIV Kit, 100 Tests",,100,4000,1624,100,1,494.8
"HIV 1/2, Uni-Gold HIV Kit, 20 Tests","HIV 1/2, Uni-Gold HIV Kit, 20 Tests",,20,50,17,32,1.6,2.64
"Lopinavir/Ritonavir 80/20mg/ml [Kaletra], oral solution, cool, Bottle 5 x 60 ml","Lopinavir/Ritonavir 80/20mg/ml [Kaletra], oral solution, cool, Bottle 5 x 60 ml",80/20mg/ml,300,30,56,30.82,0.1,1.14
"Atazanavir 150mg, capsules, 60 Caps","Atazanavir 150mg, capsules, 60 Caps",150mg,60,426,45,26.09,0.43,23.96
"HIV 1/2, Determine Complete HIV Kit, 100 Tests","HIV 1/2, Determine Complete HIV Kit, 100 Tests",,100,336,139,80,0.8,27.63
"Atazanavir 150mg [Reyataz], capsules, 60 Caps","Atazanavir 150mg [Reyataz], capsules, 60 Caps",150mg,60,9,Weight Captured Separately,15.9,0.26,0.15
"Zidovudine 100mg, capsules, 100 Caps","Zidovudine 100mg, capsules, 100 Caps",100mg,100,172,33,4.6,0.05,0.98
"Lamivudine 150mg, tablets, 60 Tabs","Lamivudine 150mg, tablets, 60 Tabs",150mg,60,33338,1791,2.53,0.04,181.85
"HIV 1/2, Determine Complete HIV Kit, 100 Tests","HIV 1/2, Determine Complete HIV Kit, 100 Tests",,100,3173,1287,80,0.8,260.95
"HIV 1/2, Uni-Gold HIV Kit, 20 Tests","HIV 1/2, Uni-Gold HIV Kit, 20 Tests",,20,25,159,32,1.6,0.99
"HIV 1/2, Uni-Gold HIV Kit, 20 Tests","HIV 1/2, Uni-Gold HIV Kit, 20 Tests",,20,450,See ASN-21751 (ID#:13968),32,1.6,17.81
"Lopinavir/Ritonavir 200/50mg [Aluvia], tablets, 120 Tabs","Lopinavir/Ritonavir 200/50mg [Aluvia], tablets, 120 Tabs",200/50mg,120,15560,3834,18.47,0.15,295.44
"Abacavir 20mg/ml, oral solution, Bottle, 240 ml","Abacavir 20mg/ml, oral solution, Bottle, 240 ml",20mg/ml,240,4534,1631,8.5,0.04,54.03
"Ritonavir 100mg [Norvir], film coated tablets, 30 Tabs","Ritonavir 100mg [Norvir], film coated tablets, 30 Tabs",100mg,30,373,55,23.26,0.78,10.73
"Zidovudine 300mg, tablets, 60 Tabs","Zidovudine 300mg, tablets, 60 Tabs",300mg,60,11,Weight Captured Separately,18.03,0.3,0.2
"HIV 1/2, Determine Complete HIV Kit, 100 Tests","HIV 1/2, Determine Complete HIV Kit, 100 Tests",,100,70,Weight Captured Separately,89,0.89,7.33
"HIV 1/2, Determine Complete HIV Kit, 100 Tests","HIV 1/2, Determine Complete HIV Kit, 100 Tests",,100,4400,1033,80,0.8,435.42
"Zidovudine 100mg [Retrovir], capsules, 100 Caps","Zidovudine 100mg [Retrovir], capsules, 100 Caps",100mg,100,40,Weight Captured Separately,14.8,0.15,1.16
"Abacavir 20mg/ml, oral solution w/syringe, Bottle, 240 ml","Abacavir 20mg/ml, oral solution w/syringe, Bottle, 240 ml",20mg/ml,240,16,Weight Captured Separately,22.94,0.1,0.38
"HIV 1/2, Determine HIV Kit, without Lancets, 100 Tests","HIV 1/2, Determine HIV Kit, without Lancets, 100 Tests",,100,11800,2675,77.7,0.78,1512.82
"HIV 1/2, Uni-Gold HIV Kit, 20 Tests","HIV 1/2, Uni-Gold HIV Kit, 20 Tests",,20,9,See ASN-28279 (ID#:13547),32,1.6,0.3
"Atazanavir/Ritonavir 300/100mg, tablets, 30 Tabs","Atazanavir/Ritonavir 300/100mg, tablets, 30 Tabs",300/100mg,30,5175,775,22.5,0.75,144.03
"Didanosine 50mg [Videx], chewable tablets, 60 Tabs","Didanosine 50mg [Videx], chewable tablets, 60 Tabs",50mg,60,4245,833,9.5,0.16,86.95
"HIV 1/2, Determine Complete HIV Kit, 100 Tests","HIV 1/2, Determine Complete HIV Kit, 100 Tests",,100,1500,714,80,0.8,198
"HIV 1/2, Uni-Gold HIV Kit, 20 Tests","HIV 1/2, Uni-Gold HIV Kit, 20 Tests",,20,70,508,32,1.6,2.64
"Tenofovir Disoproxil Fumarate 300mg [Viread], tablets, 30 Tabs","Tenofovir Disoproxil Fumarate 300mg [Viread], tablets, 30 Tabs",300mg,30,800,Weight Captured Separately,26.74,0.89,41.93
"Lopinavir/Ritonavir 200/50mg [Aluvia], tablets, 120 Tabs","Lopinavir/Ritonavir 200/50mg [Aluvia], tablets, 120 Tabs",200/50mg,120,646,166,19.32,0.16,15.44
"Abacavir/Lamivudine/Zidovudine 300/150/300mg [Trizivir], tablets, 60 Tabs","Abacavir/Lamivudine/Zidovudine 300/150/300mg [Trizivir], tablets, 60 Tabs",300/150/300mg,60,4,155,53.71,0.9,0.42
"Capillary Tubes, for Determine, EDTA, 50uL,100 Pcs","Capillary Tubes, for Determine, EDTA, 50uL,100 Pcs",,100,3,2,8,0.08,0.04
"Lamivudine/Nevirapine/Stavudine 60/100/12mg, dispersible tablets, 60 Tabs","Lamivudine/Nevirapine/Stavudine 60/100/12mg, dispersible tablets, 60 Tabs",60/100/12mg,60,90,9,4.3,0.07,0.83
"Emtricitabine/Tenofovir Disoproxil Fumarate 200/300mg, tablets, 30 Tabs","Emtricitabine/Tenofovir Disoproxil Fumarate 200/300mg, tablets, 30 Tabs",200/300mg,30,11,Weight Captured Separately,30.21,1.01,0.34
"HIV 1/2, Clearview Complete Kit, 25 Tests","HIV 1/2, Clearview Complete Kit, 25 Tests",,25,87,40,95,3.8,11.59
"Lopinavir/Ritonavir 80/20mg/ml [Kaletra], oral solution, cool, Bottle 5 x 60 ml","Lopinavir/Ritonavir 80/20mg/ml [Kaletra], oral solution, cool, Bottle 5 x 60 ml",80/20mg/ml,300,2025,1902,30.82,0.1,64.16
"HIV 1/2, Determine Complete HIV Kit, 100 Tests","HIV 1/2, Determine Complete HIV Kit, 100 Tests",,100,3039,1257,0,0,0
"Zidovudine 300mg, tablets, 60 Tabs","Zidovudine 300mg, tablets, 60 Tabs",300mg,60,1082,2228,5.75,0.1,7.7
"HIV 1/2, Determine Complete HIV Kit, 100 Tests","HIV 1/2, Determine Complete HIV Kit, 100 Tests",,100,2586,1231,89,0.89,379.75
"HIV 1/2, Bioline 3.0 Kit, Lancets, Capillary pipets, Alcohol swabs included, 25 Tests","HIV 1/2, Bioline 3.0 Kit, Lancets, Capillary pipets, Alcohol swabs included, 25 Tests",,25,1400,437,20.5,0.82,29.5
"HIV 1/2, Determine Complete HIV Kit, 100 Tests","HIV 1/2, Determine Complete HIV Kit, 100 Tests",,100,5640,2292,89,0.89,590.81
"Efavirenz/Lamivudine/Tenofovir Disoproxil Fumarate 600/300/300mg, tablets, 30 Tabs","Efavirenz/Lamivudine/Tenofovir Disoproxil Fumarate 600/300/300mg, tablets, 30 Tabs",600/300/300mg,30,5451,1675,14.1,0.47,126.82
"Lamivudine/Zidovudine 150/300mg, tablets, 60 Tabs","Lamivudine/Zidovudine 150/300mg, tablets, 60 Tabs",150/300mg,60,16,Weight Captured Separately,31.19,0.52,0.51
"HIV 1/2, Determine Complete HIV Kit, 100 Tests","HIV 1/2, Determine Complete HIV Kit, 100 Tests",,100,1337,639,80,0.8,149.96
"Lopinavir/Ritonavir 200/50mg [Aluvia], tablets, 120 Tabs","Lopinavir/Ritonavir 200/50mg [Aluvia], tablets, 120 Tabs",200/50mg,120,7320,1838,36.16,0.3,436.74
"Chase Buffer, Determine, 100 Tests, 2.5ml x 1 Vial","Chase Buffer, Determine, 100 Tests, 2.5ml x 1 Vial",,1,60,Weight Captured Separately,5,5,0.35
"Lamivudine 10mg/ml, oral solution w/syringe, Bottle, 240 ml","Lamivudine 10mg/ml, oral solution w/syringe, Bottle, 240 ml",10mg/ml,240,136,173,1.85,0.01,0.31
"Abacavir 20mg/ml [Ziagen], oral solution, Bottle, 240 ml","Abacavir 20mg/ml [Ziagen], oral solution, Bottle, 240 ml",20mg/ml,240,20000,7664,9.28,0.04,306.24
"Lamivudine 150mg, tablets, 60 Tabs","Lamivudine 150mg, tablets, 60 Tabs",150mg,60,168711,8183,2.47,0.04,898.44
"Abacavir 300mg, tablets, 60 Tabs","Abacavir 300mg, tablets, 60 Tabs",300mg,60,82,Weight Captured Separately,53.56,0.89,4.52
"Lopinavir/Ritonavir 80/20mg/ml [Kaletra], oral solution, cool, Bottle 5 x 60 ml","Lopinavir/Ritonavir 80/20mg/ml [Kaletra], oral solution, cool, Bottle 5 x 60 ml",80/20mg/ml,300,1500,1374,30.82,0.1,57.19
"Lopinavir/Ritonavir 80/20mg/ml [Kaletra], oral solution, cool, Bottle 5 x 60 ml","Lopinavir/Ritonavir 80/20mg/ml [Kaletra], oral solution, cool, Bottle 5 x 60 ml",80/20mg/ml,300,50,Weight Captured Separately,40.75,0.14,4.39
"HIV 1/2, Uni-Gold HIV Kit, 20 Tests","HIV 1/2, Uni-Gold HIV Kit, 20 Tests",,20,2551,885,32,1.6,160
"HIV 1/2, Uni-Gold HIV Kit, 20 Tests","HIV 1/2, Uni-Gold HIV Kit, 20 Tests",,20,400,132,32,1.6,17.95
"Efavirenz 600mg, tablets, 30 Tabs","Efavirenz 600mg, tablets, 30 Tabs",600mg,30,2516,See ASN-24394 (ID#:16053),3.24,0.11,10.08
"Lopinavir/Ritonavir 200/50mg [Aluvia], tablets, 120 Tabs","Lopinavir/Ritonavir 200/50mg [Aluvia], tablets, 120 Tabs",200/50mg,120,5530,1348,82.2,0.68,980.04
"Efavirenz 50mg, capsule, 30 Caps","Efavirenz 50mg, capsule, 30 Caps",50mg,30,2247,Weight Captured Separately,2.44,0.08,9.05
"Abacavir 300mg, tablets, 60 Tabs","Abacavir 300mg, tablets, 60 Tabs",300mg,60,1900,2356,11.2,0.19,21.88
"Nevirapine 10mg/ml, oral suspension w/syringe, Bottle, 100 ml","Nevirapine 10mg/ml, oral suspension w/syringe, Bottle, 100 ml",10mg/ml,100,11310,2454,1.3,0.01,18.19
"Efavirenz 600mg, tablets, 30 Tabs","Efavirenz 600mg, tablets, 30 Tabs",600mg,30,106589,9061,4.51,0.15,793.18
"Lamivudine/Zidovudine 150/300mg, tablets, 60 Tabs","Lamivudine/Zidovudine 150/300mg, tablets, 60 Tabs",150/300mg,60,23,Weight Captured Separately,23,0.38,0.54
"Nevirapine 200mg, tablets, 60 Tabs","Nevirapine 200mg, tablets, 60 Tabs",200mg,60,23,Weight Captured Separately,13.74,0.23,0.32
"Lamivudine 10mg/ml, oral solution w/syringe, Bottle, 240 ml","Lamivudine 10mg/ml, oral solution w/syringe, Bottle, 240 ml",10mg/ml,240,55000,20419,2.08,0.01,246.65
"Lamivudine/Zidovudine 150/300mg, tablets, 60 Tabs","Lamivudine/Zidovudine 150/300mg, tablets, 60 Tabs",150/300mg,60,20000,1951,8.25,0.14,355.74
"HIV 1/2, Determine Complete HIV Kit, 100 Tests","HIV 1/2, Determine Complete HIV Kit, 100 Tests",,100,6302,2557,100,1,741.75
"Lamivudine/Zidovudine 150/300mg, tablets, 60 Tabs","Lamivudine/Zidovudine 150/300mg, tablets, 60 Tabs",150/300mg,60,20000,1725,6.49,0.11,133.43
"HIV 1/2, Determine Complete HIV Kit, 100 Tests","HIV 1/2, Determine Complete HIV Kit, 100 Tests",,100,1,985,89,0.89,0.12
"Lamivudine 150mg, tablets, 60 Tabs","Lamivudine 150mg, tablets, 60 Tabs",150mg,60,203,Weight Captured Separately,9.14,0.15,1.91
"Lamivudine 10mg/ml [Epivir], oral solution, Bottle, 240 ml","Lamivudine 10mg/ml [Epivir], oral solution, Bottle, 240 ml",10mg/ml,240,1000,Weight Captured Separately,6.67,0.03,13.07
"Lamivudine/Nevirapine/Stavudine 30/50/6mg, dispersible tablets, 60 Tabs","Lamivudine/Nevirapine/Stavudine 30/50/6mg, dispersible tablets, 60 Tabs",30/50/6mg,60,688,53,2.4,0.04,3.24
"Saquinavir 200mg [Invirase], capsules, 270 Caps","Saquinavir 200mg [Invirase], capsules, 270 Caps",200mg,270,30,Weight Captured Separately,72.6,0.27,2.24
"HIV 1/2, Determine Complete HIV Kit, 100 Tests","HIV 1/2, Determine Complete HIV Kit, 100 Tests",,100,3144,1276,89,0.89,287.65
"Lopinavir/Ritonavir 200/50mg [Aluvia], tablets, 120 Tabs","Lopinavir/Ritonavir 200/50mg [Aluvia], tablets, 120 Tabs",200/50mg,120,60,36,36.16,0.3,4.25
"HIV 1/2, Determine Complete HIV Kit, 100 Tests","HIV 1/2, Determine Complete HIV Kit, 100 Tests",,100,2939,1330,80,0.8,290.84
"Chase Buffer, Determine, 100 Tests, 2.5ml x 1 Vial","Chase Buffer, Determine, 100 Tests, 2.5ml x 1 Vial",,1,160,149,5,5,0.82
"Lamivudine/Zidovudine 150/300mg, tablets, 60 Tabs","Lamivudine/Zidovudine 150/300mg, tablets, 60 Tabs",150/300mg,60,10158,941,7.08,0.12,100.83
"Didanosine 125mg, delayed-release capsules, 30 Caps","Didanosine 125mg, delayed-release capsules, 30 Caps",125mg,30,171,81,8.5,0.28,1.8
"Didanosine 200mg, delayed-release capsules, 30 Caps","Didanosine 200mg, delayed-release capsules, 30 Caps",200mg,30,550,See ASN-27324 (ID#:13842),11,0.37,6.22
"Efavirenz 600mg, tablets, 30 Tabs","Efavirenz 600mg, tablets, 30 Tabs",600mg,30,20370,1751,3.57,0.12,101.95
"HIV 1/2, Uni-Gold HIV Kit, 20 Tests","HIV 1/2, Uni-Gold HIV Kit, 20 Tests",,20,150,58,32,1.6,6.73
"HIV 1/2, SKB Colloidal Gold, Diagnostic Kit, Antibody, 50 Tests","HIV 1/2, SKB Colloidal Gold, Diagnostic Kit, Antibody, 50 Tests",,1,2988,1992,24.5,24.5,90.56
"Etravirine 100mg [Intelence], tablets, 120 Tabs","Etravirine 100mg [Intelence], tablets, 120 Tabs",100mg,120,150,49,75,0.62,15.77
"Efavirenz/Lamivudine/Tenofovir Disoproxil Fumarate 600/300/300mg, tablets, 30 Tabs","Efavirenz/Lamivudine/Tenofovir Disoproxil Fumarate 600/300/300mg, tablets, 30 Tabs",600/300/300mg,30,17280,2401,10.5,0.35,186.52
"Saquinavir 500mg [Invirase], tablets, 120 Tabs","Saquinavir 500mg [Invirase], tablets, 120 Tabs",500mg,120,500,83,95.34,0.79,93.43
"Emtricitabine/Tenofovir Disoproxil Fumarate 200/300mg [Truvada], tablets, 30 Tabs","Emtricitabine/Tenofovir Disoproxil Fumarate 200/300mg [Truvada], tablets, 30 Tabs",300/200mg,30,540,Weight Captured Separately,47.77,1.59,55.62
"Emtricitabine/Tenofovir Disoproxil Fumarate 200/300mg, tablets, 30 Tabs","Emtricitabine/Tenofovir Disoproxil Fumarate 200/300mg, tablets, 30 Tabs",200/300mg,30,300000,24233,5.74,0.19,2130.11
"HIV 1/2, Determine Complete HIV Kit, 100 Tests","HIV 1/2, Determine Complete HIV Kit, 100 Tests",,100,6000,2439,80,0.8,493.44
"Abacavir 300mg, tablets, 60 Tabs","Abacavir 300mg, tablets, 60 Tabs",300mg,60,331,2951,12.75,0.21,5.92
"Tenofovir Disoproxil Fumarate 300mg, tablets, 30 Tabs","Tenofovir Disoproxil Fumarate 300mg, tablets, 30 Tabs",300mg,30,30704,See ASN-16124 (ID#:20321),4.49,0.15,193.28
"Lamivudine/Nevirapine/Zidovudine 30/50/60mg, dispersible tablets, 60 Tabs","Lamivudine/Nevirapine/Zidovudine 30/50/60mg, dispersible tablets, 60 Tabs",30/50/60mg,60,1302,4587,4.15,0.07,7.58
"Lamivudine/Nevirapine/Zidovudine 150/200/300mg, tablets, 60 Tabs","Lamivudine/Nevirapine/Zidovudine 150/200/300mg, tablets, 60 Tabs",150/300/200mg,60,34080,4726,9.35,0.16,446.74
"Tenofovir Disoproxil Fumarate 300mg, tablets, 30 Tabs","Tenofovir Disoproxil Fumarate 300mg, tablets, 30 Tabs",300mg,30,627,Weight Captured Separately,20.82,0.69,16.14
"Efavirenz 600mg, tablets, 30 Tabs","Efavirenz 600mg, tablets, 30 Tabs",600mg,30,42,Weight Captured Separately,12.09,0.4,0.52
"HIV 1/2, Determine HIV Kit, without Lancets, 100 Tests","HIV 1/2, Determine HIV Kit, without Lancets, 100 Tests",,100,3000,680,77.7,0.78,502.56
"Tenofovir Disoproxil Fumarate 300mg, tablets, 30 Tabs","Tenofovir Disoproxil Fumarate 300mg, tablets, 30 Tabs",300mg,30,17300,1320,3.15,0.1,64.14
"Atazanavir 200mg, capsules, 60 Caps","Atazanavir 200mg, capsules, 60 Caps",200mg,60,1411,145,33,0.55,47.87
"HIV 1/2, Determine Complete HIV Kit, 100 Tests","HIV 1/2, Determine Complete HIV Kit, 100 Tests",,100,4872,1978,80,0.8,458.75
"HIV 1/2, Determine Complete HIV Kit, 100 Tests","HIV 1/2, Determine Complete HIV Kit, 100 Tests",,100,100,See ASN-32231 (ID#:13648),80,0.8,9.42
"Lopinavir/Ritonavir 100/25mg [Aluvia], tablets, 60 Tabs","Lopinavir/Ritonavir 100/25mg [Aluvia], tablets, 60 Tabs",100/25mg,60,448,63,5.94,0.1,2.74
"HIV 1/2, Determine Complete HIV Kit, 100 Tests","HIV 1/2, Determine Complete HIV Kit, 100 Tests",,100,2500,1036,80,0.8,247.4
"Tenofovir Disoproxil Fumarate 300mg, tablets, 30 Tabs","Tenofovir Disoproxil Fumarate 300mg, tablets, 30 Tabs",300mg,30,121,Weight Captured Separately,13.82,0.46,1.72
"Darunavir 600mg [Prezista], tablets, 60 Tabs","Darunavir 600mg [Prezista], tablets, 60 Tabs",600mg,60,276,Weight Captured Separately,54,0.9,15.32
"Lopinavir/Ritonavir 200/50mg [Aluvia], tablets, 120 Tabs","Lopinavir/Ritonavir 200/50mg [Aluvia], tablets, 120 Tabs",200/50mg,120,500,130,36.16,0.3,35.44
"Nevirapine 10mg/ml, oral suspension w/syringe, Bottle, 100 ml","Nevirapine 10mg/ml, oral suspension w/syringe, Bottle, 100 ml",10mg/ml,100,1503,Weight Captured Separately,1.3,0.01,2.42
"Efavirenz 600mg, tablets, 30 Tabs","Efavirenz 600mg, tablets, 30 Tabs",600mg,30,91772,7797,4.26,0.14,645.07
"Efavirenz 600mg, tablets, 30 Tabs","Efavirenz 600mg, tablets, 30 Tabs",600mg,30,153,Weight Captured Separately,11.27,0.38,1.77
"Lopinavir/Ritonavir 80/20mg/ml [Kaletra], oral solution, cool, Bottle 5 x 60 ml","Lopinavir/Ritonavir 80/20mg/ml [Kaletra], oral solution, cool, Bottle 5 x 60 ml",80/20mg/ml,300,1083,1042,36.16,0.12,84.43
"Nevirapine 10mg/ml, oral suspension w/syringe, Bottle, 240 ml","Nevirapine 10mg/ml, oral suspension w/syringe, Bottle, 240 ml",10mg/ml,240,564,5939,1.95,0.01,1.54
"Didanosine 400mg, delayed-release capsules, 30 Caps","Didanosine 400mg, delayed-release capsules, 30 Caps",400mg,30,7,Weight Captured Separately,14.22,0.47,0.1
"Lamivudine/Tenofovir Disoproxil Fumarate 300/300mg, tablets, 30 Tabs","Lamivudine/Tenofovir Disoproxil Fumarate 300/300mg, tablets, 30 Tabs",300/300mg,30,132000,12886,5.35,0.18,990.09
"Raltegravir 400mg [Isentress], tablets, 60 Tabs","Raltegravir 400mg [Isentress], tablets, 60 Tabs",400mg,60,1299,137,55.5,0.92,74.11
"Lamivudine 150mg, tablets, 60 Tabs","Lamivudine 150mg, tablets, 60 Tabs",150mg,60,119,Weight Captured Separately,7.05,0.12,0.86
"Lamivudine/Zidovudine 150/300mg, tablets, 60 Tabs","Lamivudine/Zidovudine 150/300mg, tablets, 60 Tabs",150/300mg,60,59,23,6.59,0.11,0.48
"Ritonavir 100mg [Norvir], capsules, cool, 4 x 84 Caps","Ritonavir 100mg [Norvir], capsules, cool, 4 x 84 Caps",100mg,336,12,51,206.51,0.61,5.34
"HIV 1/2, Bioline 3.0 Kit, Lancets, Capillary pipets, Alcohol swabs included, 25 Tests","HIV 1/2, Bioline 3.0 Kit, Lancets, Capillary pipets, Alcohol swabs included, 25 Tests",,25,1520,507,20,0.8,50.16
"Lopinavir/Ritonavir 200/50mg, tablets, 120 Tabs","Lopinavir/Ritonavir 200/50mg, tablets, 120 Tabs",200/50mg,120,5240,See ASN-14408 (ID#:16232),30,0.25,220.39
"Lamivudine 10mg/ml, oral solution w/syringe, Bottle, 240 ml","Lamivudine 10mg/ml, oral solution w/syringe, Bottle, 240 ml",10mg/ml,240,43,Weight Captured Separately,7.89,0.03,0.42
"Tenofovir Disoproxil Fumarate 300mg, tablets, 30 Tabs","Tenofovir Disoproxil Fumarate 300mg, tablets, 30 Tabs",300mg,30,135,Weight Captured Separately,13.81,0.46,1.92
"Didanosine 400mg, delayed-release capsules, 30 Caps","Didanosine 400mg, delayed-release capsules, 30 Caps",400mg,30,4,Weight Captured Separately,19.68,0.66,0.08
"Efavirenz/Lamivudine/Tenofovir Disoproxil Fumarate 600/300/300mg, tablets, 30 Tabs","Efavirenz/Lamivudine/Tenofovir Disoproxil Fumarate 600/300/300mg, tablets, 30 Tabs",600/300/300mg,30,27122,2843,11.49,0.38,385.49
"HIV 1/2, SKB Colloidal Gold, Diagnostic Kit, Antibody, 50 Tests","HIV 1/2, SKB Colloidal Gold, Diagnostic Kit, Antibody, 50 Tests",,1,4156,2771,24.5,24.5,104.67
"Tenofovir Disoproxil Fumarate 300mg, tablets, 30 Tabs","Tenofovir Disoproxil Fumarate 300mg, tablets, 30 Tabs",300mg,30,1,Weight Captured Separately,22.6,0.75,0.03
"Lopinavir/Ritonavir 100/25mg [Aluvia], tablets, 60 Tabs","Lopinavir/Ritonavir 100/25mg [Aluvia], tablets, 60 Tabs",100/25mg,60,520,65,5.94,0.1,3.18
"Didanosine 400mg, delayed-release capsules, 30 Caps","Didanosine 400mg, delayed-release capsules, 30 Caps",400mg,30,23,Weight Captured Separately,21.71,0.72,0.62
"Lopinavir/Ritonavir 80/20mg/ml [Kaletra], oral solution, cool, Bottle 5 x 60 ml","Lopinavir/Ritonavir 80/20mg/ml [Kaletra], oral solution, cool, Bottle 5 x 60 ml",80/20mg/ml,300,2569,2410,30.82,0.1,81.39
"Raltegravir 400mg [Isentress], tablets, 60 Tabs","Raltegravir 400mg [Isentress], tablets, 60 Tabs",400mg,60,55,6,91.5,1.52,8.3
"Lamivudine/Zidovudine 150/300mg, tablets, 60 Tabs","Lamivudine/Zidovudine 150/300mg, tablets, 60 Tabs",150/300mg,60,1652,146,6.49,0.11,13.26
"HIV 1/2, SKB Colloidal Gold, Diagnostic Kit, Antibody, 50 Tests","HIV 1/2, SKB Colloidal Gold, Diagnostic Kit, Antibody, 50 Tests",,1,2988,1992,24.5,24.5,90.56
"Saquinavir 200mg [Invirase], capsules, 270 Caps","Saquinavir 200mg [Invirase], capsules, 270 Caps",200mg,270,168,86,94.43,0.35,31.09
"HIV 1/2/O, First Response HIV 1-2.0, v.3.0 Cards Kit, 30 Tests","HIV 1/2/O, First Response HIV 1-2.0, v.3.0 Cards Kit, 30 Tests",,30,6667,2020,22,0.73,181.44
"Lamivudine/Nevirapine/Zidovudine 30/50/60mg, dispersible tablets, 60 Tabs","Lamivudine/Nevirapine/Zidovudine 30/50/60mg, dispersible tablets, 60 Tabs",30/50/60mg,60,5324,4654,4.15,0.07,30.98
"Efavirenz 600mg, tablets, 30 Tabs","Efavirenz 600mg, tablets, 30 Tabs",600mg,30,34560,3240,4.67,0.16,347.97
"HIV 1/2, Determine Complete HIV Kit, 100 Tests","HIV 1/2, Determine Complete HIV Kit, 100 Tests",,100,470,244,89,0.89,58.65
"HIV 1/2, Uni-Gold HIV Kit, 20 Tests","HIV 1/2, Uni-Gold HIV Kit, 20 Tests",,20,311,1,32,1.6,12.31
"Atazanavir 150mg, capsules, 60 Caps","Atazanavir 150mg, capsules, 60 Caps",150mg,60,1135,103,26.09,0.43,48.86
"Didanosine 50mg [Videx], chewable tablets, 60 Tabs","Didanosine 50mg [Videx], chewable tablets, 60 Tabs",50mg,60,192,Weight Captured Separately,75.62,1.26,23.96
"HIV 1/2, Uni-Gold HIV Kit, 20 Tests","HIV 1/2, Uni-Gold HIV Kit, 20 Tests",,20,7000,2373,32,1.6,482.94
"Lopinavir/Ritonavir 200/50mg [Aluvia], tablets, 120 Tabs","Lopinavir/Ritonavir 200/50mg [Aluvia], tablets, 120 Tabs",200/50mg,120,11480,4794,36.16,0.3,813.63
"Tenofovir Disoproxil Fumarate 300mg, tablets, 30 Tabs","Tenofovir Disoproxil Fumarate 300mg, tablets, 30 Tabs",300mg,30,1485,Weight Captured Separately,18.69,0.62,28.53
"HIV 1/2, Determine Complete HIV Kit, 100 Tests","HIV 1/2, Determine Complete HIV Kit, 100 Tests",,100,8331,1980,89,0.89,1223.41
"Lopinavir/Ritonavir 80/20mg/ml [Kaletra], oral solution, cool, Bottle 5 x 60 ml","Lopinavir/Ritonavir 80/20mg/ml [Kaletra], oral solution, cool, Bottle 5 x 60 ml",80/20mg/ml,300,40,61,30.82,0.1,1.27
"Lamivudine/Nevirapine/Zidovudine 30/50/60mg, dispersible tablets, 60 Tabs","Lamivudine/Nevirapine/Zidovudine 30/50/60mg, dispersible tablets, 60 Tabs",30/50/60mg,60,36000,2205,3.6,0.06,133.23
"Efavirenz/Lamivudine/Tenofovir Disoproxil Fumarate 600/300/300mg, tablets, 30 Tabs","Efavirenz/Lamivudine/Tenofovir Disoproxil Fumarate 600/300/300mg, tablets, 30 Tabs",600/300/300mg,30,200000,28168,10.5,0.35,2597.7
"Nevirapine 10mg/ml, oral suspension w/syringe, Bottle, 240 ml","Nevirapine 10mg/ml, oral suspension w/syringe, Bottle, 240 ml",10mg/ml,240,4529,1679,2.12,0.01,15.84
"Nevirapine 50mg, dispersible tablets (tablets for oral suspension), 30 Tabs","Nevirapine 50mg, dispersible tablets (tablets for oral suspension), 30 Tabs",50mg,30,984,53,1.25,0.04,1.52
"Atazanavir 150mg, capsules, 60 Caps","Atazanavir 150mg, capsules, 60 Caps",150mg,60,1065,112,26.09,0.43,59.91
"Efavirenz 600mg, tablets, 30 Tabs","Efavirenz 600mg, tablets, 30 Tabs",600mg,30,1500,Weight Captured Separately,19.81,0.66,64.06
"Lamivudine/Zidovudine 150/300mg [Combivir], tablets, 60 Tabs","Lamivudine/Zidovudine 150/300mg [Combivir], tablets, 60 Tabs",150/300mg,60,39,Weight Captured Separately,19.14,0.32,0.92
"Nevirapine 10mg/ml, oral suspension w/syringe, Bottle, 100 ml","Nevirapine 10mg/ml, oral suspension w/syringe, Bottle, 100 ml",10mg/ml,100,10368,Weight Captured Separately,1.3,0.01,16.67
"HIV 1/2, Determine Complete HIV Kit, 100 Tests","HIV 1/2, Determine Complete HIV Kit, 100 Tests",,100,2415,1167,80,0.8,416.54
"Abacavir 300mg, tablets, 60 Tabs","Abacavir 300mg, tablets, 60 Tabs",300mg,60,1200,128,11.09,0.18,13.68
"Lamivudine 150mg, tablets, 60 Tabs","Lamivudine 150mg, tablets, 60 Tabs",150mg,60,191,Weight Captured Separately,6.61,0.11,1.3
"Lamivudine/Nevirapine/Zidovudine 150/200/300mg, tablets, 60 Tabs","Lamivudine/Nevirapine/Zidovudine 150/200/300mg, tablets, 60 Tabs",150/300/200mg,60,60929,8638,8.1,0.13,610.49
"Chase Buffer, Determine, 100 Tests, 2.5ml x 1 Vial","Chase Buffer, Determine, 100 Tests, 2.5ml x 1 Vial",,1,20,See ASN-32106 (ID#:19172),5,5,0.12
"Abacavir 20mg/ml, oral solution, Bottle, 240 ml","Abacavir 20mg/ml, oral solution, Bottle, 240 ml",20mg/ml,240,24,Weight Captured Separately,24.51,0.1,0.6
"Efavirenz/Lamivudine/Tenofovir Disoproxil Fumarate 600/300/300mg, tablets, 30 Tabs","Efavirenz/Lamivudine/Tenofovir Disoproxil Fumarate 600/300/300mg, tablets, 30 Tabs",600/300/300mg,30,14780,1671,10.5,0.35,159.54
"HIV 1/2, Determine Complete HIV Kit, 100 Tests","HIV 1/2, Determine Complete HIV Kit, 100 Tests",,100,2957,1313,80,0.8,292.62
"HIV 1/2, Stat-Pak Dipstick Assay Kit, 30 Tests","HIV 1/2, Stat-Pak Dipstick Assay Kit, 30 Tests",,30,1249,145,27.6,0.92,42.64
"Abacavir 20mg/ml, oral solution, Bottle, 240 ml","Abacavir 20mg/ml, oral solution, Bottle, 240 ml",20mg/ml,240,60,Weight Captured Separately,24.51,0.1,1.51
"HIV 1/2, Determine Complete HIV Kit, 100 Tests","HIV 1/2, Determine Complete HIV Kit, 100 Tests",,100,4484,1744,80,0.8,502.93
"Zidovudine 300mg, tablets, 60 Tabs","Zidovudine 300mg, tablets, 60 Tabs",300mg,60,17,Weight Captured Separately,27.11,0.45,0.57
"Nevirapine 10mg/ml, oral suspension w/syringe, Bottle, 240 ml","Nevirapine 10mg/ml, oral suspension w/syringe, Bottle, 240 ml",10mg/ml,240,837,526,1.85,0.01,1.92
"Lopinavir/Ritonavir 80/20mg/ml [Kaletra], oral solution, cool, Bottle 5 x 60 ml","Lopinavir/Ritonavir 80/20mg/ml [Kaletra], oral solution, cool, Bottle 5 x 60 ml",80/20mg/ml,300,846,798,30.82,0.1,36.56
"Lamivudine/Nevirapine/Zidovudine 30/50/60mg, dispersible tablets, 60 Tabs","Lamivudine/Nevirapine/Zidovudine 30/50/60mg, dispersible tablets, 60 Tabs",30/50/60mg,60,115000,10504,3.6,0.06,425.59
"HIV 1/2, Bioline 3.0 Kit, Lancets, Capillary pipets, Alcohol swabs included, 25 Tests","HIV 1/2, Bioline 3.0 Kit, Lancets, Capillary pipets, Alcohol swabs included, 25 Tests",,25,1209,403,20,0.8,39.9
"Chase Buffer, Determine, 100 Tests, 2.5ml x 1 Vial","Chase Buffer, Determine, 100 Tests, 2.5ml x 1 Vial",,1,2500,Weight Captured Separately,7.51,7.51,19.3
"Lopinavir/Ritonavir 200/50mg [Aluvia], tablets, 120 Tabs","Lopinavir/Ritonavir 200/50mg [Aluvia], tablets, 120 Tabs",200/50mg,120,5600,1368,60.82,0.51,350.13
"Didanosine 25mg [Videx], chewable tablets, 60 Tabs","Didanosine 25mg [Videx], chewable tablets, 60 Tabs",25mg,60,415,See ASN-8019 (ID#:14694),7,0.12,6.26
"Nevirapine 10mg/ml, oral suspension w/syringe, Bottle, 240 ml","Nevirapine 10mg/ml, oral suspension w/syringe, Bottle, 240 ml",10mg/ml,240,3971,1472,2.12,0.01,13.89
"Nevirapine 200mg, tablets, 60 Tabs","Nevirapine 200mg, tablets, 60 Tabs",200mg,60,42813,4369,2.25,0.04,99.03
"Efavirenz 600mg, tablets, 30 Tabs","Efavirenz 600mg, tablets, 30 Tabs",600mg,30,5000,Weight Captured Separately,3.3,0.11,19.42
"Lamivudine/Zidovudine 150/300mg, tablets, 60 Tabs","Lamivudine/Zidovudine 150/300mg, tablets, 60 Tabs",150/300mg,60,15211,See ASN-13410 (ID#:16901),7.95,0.13,199.53
"Efavirenz/Lamivudine/Tenofovir Disoproxil Fumarate 600/300/300mg, tablets, 30 Tabs","Efavirenz/Lamivudine/Tenofovir Disoproxil Fumarate 600/300/300mg, tablets, 30 Tabs",600/300/300mg,30,23389,2741,11.49,0.38,332.43
"Lamivudine/Zidovudine 150/300mg, tablets, 60 Tabs","Lamivudine/Zidovudine 150/300mg, tablets, 60 Tabs",150/300mg,60,47268,4549,6.59,0.11,385.32
"HIV 1/2, Stat-Pak HIV, Kit, 20 Tests","HIV 1/2, Stat-Pak HIV, Kit, 20 Tests",,20,40,14,27,1.35,1.78
"Didanosine 250mg, delayed-release capsules, 30 Caps","Didanosine 250mg, delayed-release capsules, 30 Caps",250mg,30,252,1553,13,0.43,7.06
"Etravirine 100mg [Intelence], tablets, 120 Tabs","Etravirine 100mg [Intelence], tablets, 120 Tabs",100mg,120,12,Weight Captured Separately,35.35,0.29,0.44
"Lamivudine/Nevirapine/Stavudine 150/200/30mg, tablets, 60 Tabs","Lamivudine/Nevirapine/Stavudine 150/200/30mg, tablets, 60 Tabs",150/200/30mg,60,15040,1481,5.74,0.1,186.13
"Ritonavir 100mg [Norvir], film coated tablets, 60 Tabs","Ritonavir 100mg [Norvir], film coated tablets, 60 Tabs",100mg,60,417,65,6.85,0.11,3.53
"Didanosine 400mg, delayed-release capsules, 30 Caps","Didanosine 400mg, delayed-release capsules, 30 Caps",400mg,30,20,Weight Captured Separately,21.71,0.72,0.54
"Lamivudine/Zidovudine 150/300mg, tablets, 60 Tabs","Lamivudine/Zidovudine 150/300mg, tablets, 60 Tabs",150/300mg,60,50000,4603,8.42,0.14,694.65
"Efavirenz 200mg, scored tablets, 90 Tabs","Efavirenz 200mg, scored tablets, 90 Tabs",200mg,90,9959,630,9.3,0.1,95.21
"Zidovudine 300mg, tablets, 60 Tabs","Zidovudine 300mg, tablets, 60 Tabs",300mg,60,12000,664,7.25,0.12,143.55
"HIV 1/2, Uni-Gold HIV Kit, 20 Tests","HIV 1/2, Uni-Gold HIV Kit, 20 Tests",,20,27,10,32,1.6,1.21
"Nevirapine 200mg, tablets, 60 Tabs","Nevirapine 200mg, tablets, 60 Tabs",200mg,60,3,Weight Captured Separately,12.82,0.21,0.04
"HIV 1/2, Uni-Gold HIV Kit, 20 Tests","HIV 1/2, Uni-Gold HIV Kit, 20 Tests",,20,324,107,32,1.6,12.83
"Zidovudine 300mg [Retrovir], tablets, 60 Tabs","Zidovudine 300mg [Retrovir], tablets, 60 Tabs",300mg,60,500,Weight Captured Separately,14.9,0.25,16.07
"Lopinavir/Ritonavir 80/20mg/ml [Kaletra], oral solution, cool, Bottle 5 x 60 ml","Lopinavir/Ritonavir 80/20mg/ml [Kaletra], oral solution, cool, Bottle 5 x 60 ml",80/20mg/ml,300,3,Weight Captured Separately,17.14,0.06,0.05
"Efavirenz/Lamivudine/Tenofovir Disoproxil Fumarate 600/300/300mg, tablets, 30 Tabs","Efavirenz/Lamivudine/Tenofovir Disoproxil Fumarate 600/300/300mg, tablets, 30 Tabs",600/300/300mg,30,38530,5640,10.25,0.34,405.99
"HIV 1/2, SKB Colloidal Gold, Diagnostic Kit, Antibody, 50 Tests","HIV 1/2, SKB Colloidal Gold, Diagnostic Kit, Antibody, 50 Tests",,1,2988,1992,24.5,24.5,90.56
"Lamivudine/Zidovudine 150/300mg, tablets, 60 Tabs","Lamivudine/Zidovudine 150/300mg, tablets, 60 Tabs",150/300mg,60,14520,See ASN-19819 (ID#:13739),6.82,0.11,122.5
"Efavirenz 50mg, capsule, 30 Caps","Efavirenz 50mg, capsule, 30 Caps",50mg,30,4292,Weight Captured Separately,4.02,0.13,33.78
"Efavirenz 600mg, tablets, 30 Tabs","Efavirenz 600mg, tablets, 30 Tabs",600mg,30,50000,5593,3.24,0.11,200.39
"Lopinavir/Ritonavir 200/50mg [Aluvia], tablets, 120 Tabs","Lopinavir/Ritonavir 200/50mg [Aluvia], tablets, 120 Tabs",200/50mg,120,5188,1138,60.82,0.51,442.38
"Ritonavir 100mg [Norvir], film coated tablets, 60 Tabs","Ritonavir 100mg [Norvir], film coated tablets, 60 Tabs",100mg,60,2464,361,6.85,0.11,27.85
"Efavirenz 600mg, tablets, 30 Tabs","Efavirenz 600mg, tablets, 30 Tabs",600mg,30,63967,5491,4.53,0.15,624.75
"HIV 1/2, Determine Complete HIV Kit, 100 Tests","HIV 1/2, Determine Complete HIV Kit, 100 Tests",,100,1775,721,92,0.92,202
"HIV 1/2, Stat-Pak HIV, Kit, 20 Tests","HIV 1/2, Stat-Pak HIV, Kit, 20 Tests",,20,3401,972,29,1.45,138.28
"Efavirenz/Lamivudine/Tenofovir Disoproxil Fumarate 600/300/300mg, tablets, 30 Tabs","Efavirenz/Lamivudine/Tenofovir Disoproxil Fumarate 600/300/300mg, tablets, 30 Tabs",600/300/300mg,30,46500,5342,10.74,0.36,513.39
"Efavirenz 50mg, capsule, 30 Caps","Efavirenz 50mg, capsule, 30 Caps",50mg,30,15,Weight Captured Separately,3.01,0.1,0.05
"Lamivudine/Zidovudine 150/300mg, tablets, 60 Tabs","Lamivudine/Zidovudine 150/300mg, tablets, 60 Tabs",150/300mg,60,1008,1015,8.61,0.14,17.01
"HIV 2, New LAV Blot 2 HIV Kit, 18 Tests","HIV 2, New LAV Blot 2 HIV Kit, 18 Tests",,18,1,18,750.29,41.68,1.47
"Efavirenz 600mg, tablets, 30 Tabs","Efavirenz 600mg, tablets, 30 Tabs",600mg,30,21000,3244,2.98,0.1,64.33
"Lamivudine/Zidovudine 150/300mg, tablets, 60 Tabs","Lamivudine/Zidovudine 150/300mg, tablets, 60 Tabs",150/300mg,60,18,Weight Captured Separately,22.54,0.38,0.42
"Lamivudine/Zidovudine 30/60mg, tablets, 60 Tabs","Lamivudine/Zidovudine 30/60mg, tablets, 60 Tabs",30/60mg,60,150,25,2.15,0.04,0.33
"Nevirapine 200mg, tablets, 60 Tabs","Nevirapine 200mg, tablets, 60 Tabs",200mg,60,100000,6297,2.82,0.05,607.99
"Lamivudine 150mg, tablets, 60 Tabs","Lamivudine 150mg, tablets, 60 Tabs",150mg,60,183,Weight Captured Separately,9.85,0.16,2.23
"Lamivudine 10mg/ml, oral solution, Bottle, 240 ml","Lamivudine 10mg/ml, oral solution, Bottle, 240 ml",10mg/ml,240,17,Weight Captured Separately,5.41,0.02,0.09
"HIV 1/2, Determine Complete HIV Kit, 100 Tests","HIV 1/2, Determine Complete HIV Kit, 100 Tests",,100,3038,1259,80,0.8,300.64
"Efavirenz 600mg, tablets, 30 Tabs","Efavirenz 600mg, tablets, 30 Tabs",600mg,30,108129,9280,4.53,0.15,1056.06
"Efavirenz/Lamivudine/Tenofovir Disoproxil Fumarate 600/300/300mg, tablets, 30 Tabs","Efavirenz/Lamivudine/Tenofovir Disoproxil Fumarate 600/300/300mg, tablets, 30 Tabs",600/300/300mg,30,23251,2641,11.99,0.4,390.85
"Darunavir 300mg [Prezista], tablets, 120 Tabs","Darunavir 300mg [Prezista], tablets, 120 Tabs",300mg,120,22,Weight Captured Separately,66.6,0.55,1.81
"Tenofovir Disoproxil Fumarate 300mg, tablets, 30 Tabs","Tenofovir Disoproxil Fumarate 300mg, tablets, 30 Tabs",300mg,30,112,Weight Captured Separately,19.12,0.64,2.2
"Efavirenz 200mg, capsule, 90 Caps","Efavirenz 200mg, capsule, 90 Caps",200mg,90,22643,3000,9.98,0.11,487.21
"Lopinavir/Ritonavir 100/25mg [Aluvia], tablets, 60 Tabs","Lopinavir/Ritonavir 100/25mg [Aluvia], tablets, 60 Tabs",100/25mg,60,2221,252,5.94,0.1,16.32
"HIV 1/2, SKB Colloidal Gold, Diagnostic Kit, Antibody, 50 Tests","HIV 1/2, SKB Colloidal Gold, Diagnostic Kit, Antibody, 50 Tests",,1,4032,2688,24.5,24.5,101.55
"Zidovudine 300mg, tablets, 60 Tabs","Zidovudine 300mg, tablets, 60 Tabs",300mg,60,67098,3957,5.5,0.09,456.5
"Efavirenz 600mg, tablets, 30 Tabs","Efavirenz 600mg, tablets, 30 Tabs",600mg,30,64316,5467,4.51,0.15,478.61
"Lopinavir/Ritonavir 100/25mg [Aluvia], tablets, 60 Tabs","Lopinavir/Ritonavir 100/25mg [Aluvia], tablets, 60 Tabs",100/25mg,60,2697,1825,5.94,0.1,16.47
"HIV 1/2, Determine Complete HIV Kit, 100 Tests","HIV 1/2, Determine Complete HIV Kit, 100 Tests",,100,2639,1276,72,0.72,409.66
"Lamivudine/Tenofovir Disoproxil Fumarate 300/300mg, tablets, 30 Tabs","Lamivudine/Tenofovir Disoproxil Fumarate 300/300mg, tablets, 30 Tabs",300/300mg,30,24672,2631,4.62,0.15,117.18
"Lopinavir/Ritonavir 80/20mg/ml [Kaletra], oral solution, cool, Bottle 5 x 60 ml","Lopinavir/Ritonavir 80/20mg/ml [Kaletra], oral solution, cool, Bottle 5 x 60 ml",80/20mg/ml,300,2266,2272,30.82,0.1,71.79
"Lamivudine 10mg/ml, oral solution w/syringe, Bottle, 240 ml","Lamivudine 10mg/ml, oral solution w/syringe, Bottle, 240 ml",10mg/ml,240,13,Weight Captured Separately,8,0.03,0.13
"Lamivudine/Nevirapine/Stavudine 150/200/30mg, tablets, 60 Tabs","Lamivudine/Nevirapine/Stavudine 150/200/30mg, tablets, 60 Tabs",150/200/30mg,60,19600,1926,6.15,0.1,236.26
"Lopinavir/Ritonavir 200/50mg [Aluvia], tablets, 120 Tabs","Lopinavir/Ritonavir 200/50mg [Aluvia], tablets, 120 Tabs",200/50mg,120,9800,Weight Captured Separately,30.82,0.26,498.36
"HIV 1/2, Determine Complete HIV Kit, 100 Tests","HIV 1/2, Determine Complete HIV Kit, 100 Tests",,100,250,115,89,0.89,27.52
"Lamivudine/Nevirapine/Zidovudine 150/200/300mg, tablets, 60 Tabs","Lamivudine/Nevirapine/Zidovudine 150/200/300mg, tablets, 60 Tabs",150/300/200mg,60,980,116,8.11,0.14,8.17
"Efavirenz 600mg, tablets, 30 Tabs","Efavirenz 600mg, tablets, 30 Tabs",600mg,30,128620,10643,4.26,0.14,904.07
"Lamivudine/Tenofovir Disoproxil Fumarate 300/300mg, tablets, 30 Tabs","Lamivudine/Tenofovir Disoproxil Fumarate 300/300mg, tablets, 30 Tabs",300/300mg,30,24096,2630,4.62,0.15,114.44
"Didanosine 400mg, delayed-release capsules, 30 Caps","Didanosine 400mg, delayed-release capsules, 30 Caps",400mg,30,150,197,20,0.67,4.95
"Lamivudine/Nevirapine/Zidovudine 150/200/300mg, tablets, 60 Tabs","Lamivudine/Nevirapine/Zidovudine 150/200/300mg, tablets, 60 Tabs",150/300/200mg,60,19835,2866,8.1,0.13,165.16
"HIV 1/2, Determine Complete HIV Kit, 100 Tests","HIV 1/2, Determine Complete HIV Kit, 100 Tests",,100,4177,2755,89,0.89,382.16
"Lamivudine/Tenofovir Disoproxil Fumarate 300/300mg, tablets, 30 Tabs","Lamivudine/Tenofovir Disoproxil Fumarate 300/300mg, tablets, 30 Tabs",300/300mg,30,32760,3155,4.65,0.16,156.6
"Darunavir 300mg [Prezista], tablets, 120 Tabs","Darunavir 300mg [Prezista], tablets, 120 Tabs",300mg,120,259,43,93.14,0.78,39.8
"Emtricitabine/Tenofovir Disoproxil Fumarate 200/300mg [Truvada], tablets, 30 Tabs","Emtricitabine/Tenofovir Disoproxil Fumarate 200/300mg [Truvada], tablets, 30 Tabs",300/200mg,30,4900,390,30.19,1.01,289.94
"HIV 1/2, Uni-Gold HIV Kit, 20 Tests","HIV 1/2, Uni-Gold HIV Kit, 20 Tests",,20,207,71,32,1.6,10.93
"HIV 1/2, Determine HIV Kit, without Lancets, 100 Tests","HIV 1/2, Determine HIV Kit, without Lancets, 100 Tests",,100,150,36,77.7,0.78,19.23
"Efavirenz 600mg, tablets, 30 Tabs","Efavirenz 600mg, tablets, 30 Tabs",600mg,30,30912,2405,6.5,0.22,393.82
"Tenofovir Disoproxil Fumarate 300mg, tablets, 30 Tabs","Tenofovir Disoproxil Fumarate 300mg, tablets, 30 Tabs",300mg,30,235,Weight Captured Separately,20.82,0.69,6.05
"Didanosine 200mg, delayed-release capsules, 30 Caps","Didanosine 200mg, delayed-release capsules, 30 Caps",200mg,30,1100,95,11,0.37,12.44
"Zidovudine 300mg, tablets, 60 Tabs","Zidovudine 300mg, tablets, 60 Tabs",300mg,60,1033,52,7.33,0.12,16.32
"Didanosine 125mg, delayed-release capsules, 30 Caps","Didanosine 125mg, delayed-release capsules, 30 Caps",125mg,30,252,16,8.5,0.28,3
"Ritonavir 100mg [Norvir], film coated tablets, 30 Tabs","Ritonavir 100mg [Norvir], film coated tablets, 30 Tabs",100mg,30,400,Weight Captured Separately,23.26,0.78,10.95
"Lamivudine 150mg, tablets, 60 Tabs","Lamivudine 150mg, tablets, 60 Tabs",150mg,60,294346,14550,2.57,0.04,1630.95
"Nelfinavir (as mesilate) 250mg [Viracept], tablets, 270 Tabs","Nelfinavir (as mesilate) 250mg [Viracept], tablets, 270 Tabs",250mg,270,40,11,125.94,0.47,10.86
"Ritonavir 100mg [Norvir], film coated tablets, 30 Tabs","Ritonavir 100mg [Norvir], film coated tablets, 30 Tabs",100mg,30,200,Weight Captured Separately,23.26,0.78,4.78
"Abacavir 300mg, tablets, 60 Tabs","Abacavir 300mg, tablets, 60 Tabs",300mg,60,37350,3860,11.75,0.2,615.29
"Etravirine 100mg [Intelence], tablets, 120 Tabs","Etravirine 100mg [Intelence], tablets, 120 Tabs",100mg,120,27,Weight Captured Separately,27.51,0.23,0.76
"Efavirenz/Lamivudine/Tenofovir Disoproxil Fumarate 600/300/300mg, tablets, 30 Tabs","Efavirenz/Lamivudine/Tenofovir Disoproxil Fumarate 600/300/300mg, tablets, 30 Tabs",600/300/300mg,30,17760,Weight Captured Separately,10,0.33,209.04
"Lamivudine/Zidovudine 150/300mg, tablets, 60 Tabs","Lamivudine/Zidovudine 150/300mg, tablets, 60 Tabs",150/300mg,60,292,Weight Captured Separately,32.75,0.55,11.83
"HIV 1/2, Determine Complete HIV Kit, 100 Tests","HIV 1/2, Determine Complete HIV Kit, 100 Tests",,100,6110,2474,89,0.89,559.02
"HIV 1/2, Determine HIV Kit, without Lancets, 100 Tests","HIV 1/2, Determine HIV Kit, without Lancets, 100 Tests",,100,75,19,77.7,0.78,8.17
"Efavirenz 600mg, tablets, 30 Tabs","Efavirenz 600mg, tablets, 30 Tabs",600mg,30,92500,7778,4.71,0.16,718.86
"Ritonavir 100mg [Norvir], film coated tablets, 60 Tabs","Ritonavir 100mg [Norvir], film coated tablets, 60 Tabs",100mg,60,760,99,6.85,0.11,7.3
"Lamivudine/Nevirapine/Zidovudine 150/200/300mg, tablets, 60 Tabs","Lamivudine/Nevirapine/Zidovudine 150/200/300mg, tablets, 60 Tabs",150/300/200mg,60,16245,2368,8.1,0.13,162.77
"HIV 1/2, Uni-Gold HIV Kit, 20 Tests","HIV 1/2, Uni-Gold HIV Kit, 20 Tests",,20,32,17,32,1.6,1.27
"HIV 1/2, Uni-Gold HIV Kit, 20 Tests","HIV 1/2, Uni-Gold HIV Kit, 20 Tests",,20,450,165,32,1.6,17.81
"Raltegravir 400mg [Isentress], tablets, 60 Tabs","Raltegravir 400mg [Isentress], tablets, 60 Tabs",400mg,60,1,Weight Captured Separately,65.75,1.1,0.07
"Ritonavir 100mg [Norvir], capsules, cool, 4 x 84 Caps","Ritonavir 100mg [Norvir], capsules, cool, 4 x 84 Caps",100mg,336,14,52,206.51,0.61,4.77
"Tenofovir Disoproxil Fumarate 300mg, tablets, 30 Tabs","Tenofovir Disoproxil Fumarate 300mg, tablets, 30 Tabs",300mg,30,36,Weight Captured Separately,14.85,0.5,0.55
"Capillary Tubes, for Determine, EDTA, 50uL,100 Pcs","Capillary Tubes, for Determine, EDTA, 50uL,100 Pcs",,100,20,See ASN-32106 (ID#:19172),8,0.08,0.19
"Efavirenz/Lamivudine/Tenofovir Disoproxil Fumarate 600/300/300mg, tablets, 30 Tabs","Efavirenz/Lamivudine/Tenofovir Disoproxil Fumarate 600/300/300mg, tablets, 30 Tabs",600/300/300mg,30,16528,3283,10.5,0.35,178.4
"Ritonavir 100mg [Norvir], capsules, cool, 4 x 84 Caps","Ritonavir 100mg [Norvir], capsules, cool, 4 x 84 Caps",100mg,336,24,60,306.88,0.91,15.88
"Lamivudine/Zidovudine 150/300mg, tablets, 60 Tabs","Lamivudine/Zidovudine 150/300mg, tablets, 60 Tabs",150/300mg,60,75816,6452,6.49,0.11,505.82
"Tenofovir Disoproxil Fumarate 300mg, tablets, 30 Tabs","Tenofovir Disoproxil Fumarate 300mg, tablets, 30 Tabs",300mg,30,9683,See ASN-24394 (ID#:16053),3.55,0.12,42.52
"Didanosine 25mg [Videx], chewable tablets, 60 Tabs","Didanosine 25mg [Videx], chewable tablets, 60 Tabs",25mg,60,160,43,7,0.12,1.85
"Efavirenz/Emtricitabine/Tenofovir Disoproxil Fumarate 600/200/300mg, tablets, 30 Tabs","Efavirenz/Emtricitabine/Tenofovir Disoproxil Fumarate 600/200/300mg, tablets, 30 Tabs",600/200/300mg,30,35000,See ASN-25567 (ID#:21563),11.74,0.39,422.41
"Atazanavir 150mg [Reyataz], capsules, 60 Caps","Atazanavir 150mg [Reyataz], capsules, 60 Caps",150mg,60,2,Weight Captured Separately,25.68,0.43,0.06
"Efavirenz 600mg, tablets, 30 Tabs","Efavirenz 600mg, tablets, 30 Tabs",600mg,30,110291,9375,4.51,0.15,820.73
"Abacavir/Lamivudine 60/30mg, tablets, 60 Tabs","Abacavir/Lamivudine 60/30mg, tablets, 60 Tabs",60/30mg,60,2160,See ASN-27545 (ID#:22160),3.95,0.07,8.77
"Efavirenz 50mg, capsule, 30 Caps","Efavirenz 50mg, capsule, 30 Caps",50mg,30,92,Weight Captured Separately,3.32,0.11,0.38
"Efavirenz 600mg, tablets, 30 Tabs","Efavirenz 600mg, tablets, 30 Tabs",600mg,30,57600,4872,4.67,0.16,579.95
"Lamivudine 150mg, tablets, 60 Tabs","Lamivudine 150mg, tablets, 60 Tabs",150mg,60,2004,3,2.53,0.04,10.93
"Atazanavir 150mg, capsules, 60 Caps","Atazanavir 150mg, capsules, 60 Caps",150mg,60,912,102,20,0.33,21.47
"Sulfadoxine/Pyrimethamine 500/25mg, tablets, Blister 10 x 3 Tabs","Sulfadoxine/Pyrimethamine 500/25mg, tablets, Blister 10 x 3 Tabs",500/25mg,30,300,14,1.59,0.05,0.67
"Didanosine 250mg, delayed-release capsules, 30 Caps","Didanosine 250mg, delayed-release capsules, 30 Caps",250mg,30,558,1297,14.65,0.49,16.02
"Abacavir/Lamivudine 600/300mg, tablets, 30 Tabs","Abacavir/Lamivudine 600/300mg, tablets, 30 Tabs",600/300mg,30,9810,962,13.49,0.45,163.7
"Lamivudine 150mg, tablets, 60 Tabs","Lamivudine 150mg, tablets, 60 Tabs",150mg,60,3600,216,1.8,0.03,6.66
"#109440**HIV 1/2, INSTI HIV Antibody Individual POC, 1 Test","#109440**HIV 1/2, INSTI HIV Antibody Individual POC, 1 Test",,1,7199,369,3.25,3.25,38.6
"Lamivudine 150mg, tablets, 60 Tabs","Lamivudine 150mg, tablets, 60 Tabs",150mg,60,74,Weight Captured Separately,7.05,0.12,0.54
"Chase Buffer, Determine, 100 Tests, 2.5ml x 1 Vial","Chase Buffer, Determine, 100 Tests, 2.5ml x 1 Vial",,1,20,See ASN-31323 (ID#:14240),5,5,0.12
"Atazanavir/Ritonavir 300/100mg, tablets, 30 Tabs","Atazanavir/Ritonavir 300/100mg, tablets, 30 Tabs",300/100mg,30,2100,293,20,0.67,51.95
"Lopinavir/Ritonavir 80/20mg/ml [Kaletra], oral solution, cool, Bottle 5 x 60 ml","Lopinavir/Ritonavir 80/20mg/ml [Kaletra], oral solution, cool, Bottle 5 x 60 ml",80/20mg/ml,300,1251,Weight Captured Separately,30.82,0.1,83.13
"Lopinavir/Ritonavir 200/50mg, tablets, 120 Tabs","Lopinavir/Ritonavir 200/50mg, tablets, 120 Tabs",200/50mg,120,2240,554,37.36,0.31,164.03
"Nevirapine 200mg, tablets, 60 Tabs","Nevirapine 200mg, tablets, 60 Tabs",200mg,60,89674,9667,2.72,0.05,402.46
"HIV 1/2, Uni-Gold HIV Kit, 20 Tests","HIV 1/2, Uni-Gold HIV Kit, 20 Tests",,20,25,175,32,1.6,0.82
"Lopinavir/Ritonavir 200/50mg [Aluvia], tablets, 120 Tabs","Lopinavir/Ritonavir 200/50mg [Aluvia], tablets, 120 Tabs",200/50mg,120,8000,Weight Captured Separately,46.99,0.39,736.73
"Efavirenz 30mg/ml [Stocrin/Sustiva], oral solution, Bottle, 180 ml","Efavirenz 30mg/ml [Stocrin/Sustiva], oral solution, Bottle, 180 ml",30mg/ml,180,1184,361,16.96,0.09,33.13
"Tenofovir Disoproxil Fumarate 300mg [Viread], tablets, 30 Tabs","Tenofovir Disoproxil Fumarate 300mg [Viread], tablets, 30 Tabs",300mg,30,2837,Weight Captured Separately,25.74,0.86,143.14
"HIV 1/2, Determine Complete HIV Kit, 100 Tests","HIV 1/2, Determine Complete HIV Kit, 100 Tests",,100,2687,1277,89,0.89,394.59
"Indinavir 400mg [Crixivan], capsules, 180 Caps","Indinavir 400mg [Crixivan], capsules, 180 Caps",400mg,180,48,11,50,0.28,4.7
"Nevirapine 200mg, tablets, 60 Tabs","Nevirapine 200mg, tablets, 60 Tabs",200mg,60,226,Weight Captured Separately,18.09,0.3,5.06
"Efavirenz 600mg, tablets, 30 Tabs","Efavirenz 600mg, tablets, 30 Tabs",600mg,30,42836,3494,4.3,0.14,397.12
"Lamivudine 10mg/ml, oral solution w/syringe, Bottle, 240 ml","Lamivudine 10mg/ml, oral solution w/syringe, Bottle, 240 ml",10mg/ml,240,54,Weight Captured Separately,7.08,0.03,0.39
"Efavirenz 600mg, tablets, 30 Tabs","Efavirenz 600mg, tablets, 30 Tabs",600mg,30,30118,1782,3.23,0.11,120.34
"#109436**HIV 1, Uni-Gold Recombigen HIV Control, Vial 2 x 0.5 ml","#109436**HIV 1, Uni-Gold Recombigen HIV Control, Vial 2 x 0.5 ml",,2,15,1,31,15.5,1
"Abacavir 20mg/ml [Ziagen], oral solution, Bottle, 240 ml","Abacavir 20mg/ml [Ziagen], oral solution, Bottle, 240 ml",20mg/ml,240,20000,7656,9.28,0.04,306.24
"Didanosine 250mg, delayed-release capsules, 30 Caps","Didanosine 250mg, delayed-release capsules, 30 Caps",250mg,30,6,Weight Captured Separately,11.84,0.39,0.07
"HIV 1/2, Uni-Gold HIV Kit, 20 Tests","HIV 1/2, Uni-Gold HIV Kit, 20 Tests",,20,3,0,32,1.6,0.12
"HIV 1/2, InstantChek HIV 1+2 Kit, 100 Tests","HIV 1/2, InstantChek HIV 1+2 Kit, 100 Tests",,100,15,18,75,0.75,1.58
"Lamivudine/Nevirapine/Zidovudine 150/200/300mg, tablets, 60 Tabs","Lamivudine/Nevirapine/Zidovudine 150/200/300mg, tablets, 60 Tabs",150/300/200mg,60,33516,4237,8.29,0.14,285.63
"HIV 1/2, Uni-Gold HIV Kit, 20 Tests","HIV 1/2, Uni-Gold HIV Kit, 20 Tests",,20,5,3,32,1.6,0.31
"Raltegravir 400mg [Isentress], tablets, 60 Tabs","Raltegravir 400mg [Isentress], tablets, 60 Tabs",400mg,60,6,Weight Captured Separately,84.64,1.41,0.52
"HIV 1/2, SKB Colloidal Gold, Diagnostic Kit, Antibody, 50 Tests","HIV 1/2, SKB Colloidal Gold, Diagnostic Kit, Antibody, 50 Tests",,1,350,240,24.5,24.5,8.82
"Lopinavir/Ritonavir 200/50mg [Aluvia], tablets, 120 Tabs","Lopinavir/Ritonavir 200/50mg [Aluvia], tablets, 120 Tabs",200/50mg,120,101,Weight Captured Separately,25.76,0.21,3.22
"Lopinavir/Ritonavir 200/50mg [Aluvia], tablets, 120 Tabs","Lopinavir/Ritonavir 200/50mg [Aluvia], tablets, 120 Tabs",200/50mg,120,560,83,82.2,0.68,90.22
"HIV 1/2, Uni-Gold HIV Kit, 20 Tests","HIV 1/2, Uni-Gold HIV Kit, 20 Tests",,20,160,59,32,1.6,7.18
"Lopinavir/Ritonavir 200/50mg [Aluvia], tablets, 120 Tabs","Lopinavir/Ritonavir 200/50mg [Aluvia], tablets, 120 Tabs",200/50mg,120,20580,5139,30.82,0.26,1046.55
"Zidovudine 300mg, tablets, 60 Tabs","Zidovudine 300mg, tablets, 60 Tabs",300mg,60,168,9,7.5,0.12,2.47
"Efavirenz 600mg, tablets, 30 Tabs","Efavirenz 600mg, tablets, 30 Tabs",600mg,30,249500,21205,4.51,0.15,1856.65
"Efavirenz/Lamivudine/Tenofovir Disoproxil Fumarate 600/300/300mg, tablets, 30 Tabs","Efavirenz/Lamivudine/Tenofovir Disoproxil Fumarate 600/300/300mg, tablets, 30 Tabs",600/300/300mg,30,19200,2877,10.5,0.35,207.24
"Abacavir 300mg, tablets, 60 Tabs","Abacavir 300mg, tablets, 60 Tabs",300mg,60,84,Weight Captured Separately,68.99,1.15,5.96
"Ritonavir 100mg [Norvir], capsules, cool, 2 x 84 Caps","Ritonavir 100mg [Norvir], capsules, cool, 2 x 84 Caps",100mg,168,52,Weight Captured Separately,144,0.86,16.14
"HIV 1/2, Determine Complete HIV Kit, 100 Tests","HIV 1/2, Determine Complete HIV Kit, 100 Tests",,100,20000,5902,80,0.8,3136
"HIV 1/2, Determine Complete HIV Kit, 100 Tests","HIV 1/2, Determine Complete HIV Kit, 100 Tests",,100,2874,1252,89,0.89,358.61
"HIV 1/2, Uni-Gold HIV Kit, 20 Tests","HIV 1/2, Uni-Gold HIV Kit, 20 Tests",,20,353,See ASN-28279 (ID#:13547),32,1.6,11.61
"HIV 1/2, Bioline 3.0 Kit, (no accessories), 30 Tests","HIV 1/2, Bioline 3.0 Kit, (no accessories), 30 Tests",,30,9720,3240,24,0.8,457.23
"HIV 1/2, Uni-Gold HIV Kit, 20 Tests","HIV 1/2, Uni-Gold HIV Kit, 20 Tests",,20,107,39,32,1.6,4.24
"Lamivudine 150mg, tablets, 60 Tabs","Lamivudine 150mg, tablets, 60 Tabs",150mg,60,10620,593,2.59,0.04,53.91
"Efavirenz 200mg, capsule, 90 Caps","Efavirenz 200mg, capsule, 90 Caps",200mg,90,25,Weight Captured Separately,26.37,0.29,0.82
"Lopinavir/Ritonavir 100/25mg [Aluvia], tablets, 60 Tabs","Lopinavir/Ritonavir 100/25mg [Aluvia], tablets, 60 Tabs",100/25mg,60,9670,1128,5.94,0.1,59.05
"HIV 1/2, Determine Complete HIV Kit, 100 Tests","HIV 1/2, Determine Complete HIV Kit, 100 Tests",,100,77,36,89,0.89,11.31
"Raltegravir 400mg [Isentress], tablets, 60 Tabs","Raltegravir 400mg [Isentress], tablets, 60 Tabs",400mg,60,400,Weight Captured Separately,55.5,0.92,26.13
"Efavirenz 600mg, tablets, 30 Tabs","Efavirenz 600mg, tablets, 30 Tabs",600mg,30,116218,12410,4.53,0.15,1135.06
"HIV 1/2, Determine Complete HIV Kit, 100 Tests","HIV 1/2, Determine Complete HIV Kit, 100 Tests",,100,1,800,89,0.89,0.19
"Lopinavir/Ritonavir 80/20mg/ml [Kaletra], oral solution, cool, Bottle 5 x 60 ml","Lopinavir/Ritonavir 80/20mg/ml [Kaletra], oral solution, cool, Bottle 5 x 60 ml",80/20mg/ml,300,700,1050,30.82,0.1,30.25
"Lamivudine 150mg, tablets, 60 Tabs","Lamivudine 150mg, tablets, 60 Tabs",150mg,60,34067,1828,2.53,0.04,185.82
"HIV 1/2, Determine Complete HIV Kit, 100 Tests","HIV 1/2, Determine Complete HIV Kit, 100 Tests",,100,7233,2933,80,0.8,594.84
"Didanosine 250mg, delayed-release capsules, 30 Caps","Didanosine 250mg, delayed-release capsules, 30 Caps",250mg,30,1,Weight Captured Separately,15.25,0.51,0.02
"Sulfadoxine/Pyrimethamine 500/25mg, tablets, 1000 Tabs","Sulfadoxine/Pyrimethamine 500/25mg, tablets, 1000 Tabs",500/25mg,1000,1070,902,24,0.02,26.4
"Lamivudine 10mg/ml, oral solution w/syringe, Bottle, 240 ml","Lamivudine 10mg/ml, oral solution w/syringe, Bottle, 240 ml",10mg/ml,240,13,Weight Captured Separately,8,0.03,0.13
"Lamivudine 150mg, tablets, 60 Tabs","Lamivudine 150mg, tablets, 60 Tabs",150mg,60,303125,15006,2.57,0.04,1679.59
"Lamivudine/Nevirapine/Zidovudine 150/200/300mg, tablets, 60 Tabs","Lamivudine/Nevirapine/Zidovudine 150/200/300mg, tablets, 60 Tabs",150/300/200mg,60,20651,2367,11,0.18,489.76
"Lopinavir/Ritonavir 100/25mg [Aluvia], tablets, 60 Tabs","Lopinavir/Ritonavir 100/25mg [Aluvia], tablets, 60 Tabs",100/25mg,60,5273,668,5.94,0.1,32.2
"HIV 1/2, SKB Colloidal Gold, Diagnostic Kit, Antibody, 50 Tests","HIV 1/2, SKB Colloidal Gold, Diagnostic Kit, Antibody, 50 Tests",,1,1362,970,24.5,24.5,46.78
"Zidovudine 10mg/ml, oral solution, Bottle, 240 ml","Zidovudine 10mg/ml, oral solution, Bottle, 240 ml",10mg/ml,240,5730,2254,1.9,0.01,11.19
"Tenofovir Disoproxil Fumarate 300mg, tablets, 30 Tabs","Tenofovir Disoproxil Fumarate 300mg, tablets, 30 Tabs",300mg,30,5520,516,8.56,0.29,92.61
"Darunavir 300mg [Prezista], tablets, 120 Tabs","Darunavir 300mg [Prezista], tablets, 120 Tabs",300mg,120,288,94,66.6,0.55,23.73
"Lamivudine/Zidovudine 150/300mg, tablets, 60 Tabs","Lamivudine/Zidovudine 150/300mg, tablets, 60 Tabs",150/300mg,60,58462,6093,6.6,0.11,454.14
"HIV, Lancet, Safety, for HIV Test kits, 100 Pcs","HIV, Lancet, Safety, for HIV Test kits, 100 Pcs",,100,7000,1382,5,0.05,68.6
"Lopinavir/Ritonavir 80/20mg/ml [Kaletra], oral solution, cool, Bottle 5 x 60 ml","Lopinavir/Ritonavir 80/20mg/ml [Kaletra], oral solution, cool, Bottle 5 x 60 ml",80/20mg/ml,300,2,Weight Captured Separately,23.45,0.08,0.06
"Efavirenz 50mg, capsule, 30 Caps","Efavirenz 50mg, capsule, 30 Caps",50mg,30,119,Weight Captured Separately,3.32,0.11,0.49
"Etravirine 100mg [Intelence], tablets, 120 Tabs","Etravirine 100mg [Intelence], tablets, 120 Tabs",100mg,120,144,47,75,0.62,15.14
"Darunavir 300mg [Prezista], tablets, 120 Tabs","Darunavir 300mg [Prezista], tablets, 120 Tabs",300mg,120,47,Weight Captured Separately,47.13,0.39,2.28
"HIV 1/2, Uni-Gold HIV Kit, 20 Tests","HIV 1/2, Uni-Gold HIV Kit, 20 Tests",,20,873,292,32,1.6,46.09
"HIV 1/2, Uni-Gold HIV Kit, 20 Tests","HIV 1/2, Uni-Gold HIV Kit, 20 Tests",,20,1500,499,32,1.6,79.2
"HIV 1/2, Determine Complete HIV Kit, 100 Tests","HIV 1/2, Determine Complete HIV Kit, 100 Tests",,100,618,304,90,0.9,119.92
"Lamivudine/Nevirapine/Zidovudine 150/200/300mg, tablets, 60 Tabs","Lamivudine/Nevirapine/Zidovudine 150/200/300mg, tablets, 60 Tabs",150/300/200mg,60,12788,See ASN-29097 (ID#:17900),8.29,0.14,108.98
"Etravirine 100mg [Intelence], tablets, 120 Tabs","Etravirine 100mg [Intelence], tablets, 120 Tabs",100mg,120,3,Weight Captured Separately,25.59,0.21,0.08
"Lopinavir/Ritonavir 200/50mg [Aluvia], tablets, 120 Tabs","Lopinavir/Ritonavir 200/50mg [Aluvia], tablets, 120 Tabs",200/50mg,120,3010,756,82.2,0.68,408.25
"Lopinavir/Ritonavir 80/20mg/ml [Kaletra], oral solution, cool, Bottle 5 x 60 ml","Lopinavir/Ritonavir 80/20mg/ml [Kaletra], oral solution, cool, Bottle 5 x 60 ml",80/20mg/ml,300,420,494,30.82,0.1,13.31
"Efavirenz 30mg/ml [Stocrin/Sustiva], oral solution, Bottle, 180 ml","Efavirenz 30mg/ml [Stocrin/Sustiva], oral solution, Bottle, 180 ml",30mg/ml,180,2737,805,16.96,0.09,100.08
"HIV 1/2, Determine Complete HIV Kit, 100 Tests","HIV 1/2, Determine Complete HIV Kit, 100 Tests",,100,3029,1255,0,0,0
"Didanosine 25mg [Videx], chewable tablets, 60 Tabs","Didanosine 25mg [Videx], chewable tablets, 60 Tabs",25mg,60,1040,226,7,0.12,9.01
"Lamivudine/Zidovudine 150/300mg, tablets, 60 Tabs","Lamivudine/Zidovudine 150/300mg, tablets, 60 Tabs",150/300mg,60,31,Weight Captured Separately,32.99,0.55,1.26
"Tenofovir Disoproxil Fumarate 300mg [Viread], tablets, 30 Tabs","Tenofovir Disoproxil Fumarate 300mg [Viread], tablets, 30 Tabs",300mg,30,1200,Weight Captured Separately,28.86,0.96,74.66
"Abacavir 300mg, tablets, 60 Tabs","Abacavir 300mg, tablets, 60 Tabs",300mg,60,717,See ASN-19787 (ID#:13978),12.25,0.2,10.86
"HIV 1/2, Determine Complete HIV Kit, 100 Tests","HIV 1/2, Determine Complete HIV Kit, 100 Tests",,100,564,272,100,1,79.07
"HIV 1/2, Determine Complete HIV Kit, 100 Tests","HIV 1/2, Determine Complete HIV Kit, 100 Tests",,100,8000,3803,80,0.8,897.28
"Lopinavir/Ritonavir 100/25mg [Aluvia], tablets, 60 Tabs","Lopinavir/Ritonavir 100/25mg [Aluvia], tablets, 60 Tabs",100/25mg,60,17,Weight Captured Separately,5.78,0.1,0.12
"Zidovudine 300mg, tablets, 60 Tabs","Zidovudine 300mg, tablets, 60 Tabs",300mg,60,60234,3221,7.43,0.12,964.89
"Lopinavir/Ritonavir 200/50mg [Aluvia], tablets, 120 Tabs","Lopinavir/Ritonavir 200/50mg [Aluvia], tablets, 120 Tabs",200/50mg,120,4164,992,60.82,0.51,313.28
"Nevirapine 200mg, tablets, 60 Tabs","Nevirapine 200mg, tablets, 60 Tabs",200mg,60,26997,1726,2.21,0.04,73.8
"Lamivudine/Nevirapine/Zidovudine 150/200/300mg, tablets, 60 Tabs","Lamivudine/Nevirapine/Zidovudine 150/200/300mg, tablets, 60 Tabs",150/300/200mg,60,27900,3868,8.1,0.13,232.32
"Emtricitabine/Tenofovir Disoproxil Fumarate 200/300mg, tablets, 30 Tabs","Emtricitabine/Tenofovir Disoproxil Fumarate 200/300mg, tablets, 30 Tabs",200/300mg,30,100000,9369,7.35,0.24,1030.47
"Nevirapine 10mg/ml, oral suspension w/syringe, Bottle, 100 ml","Nevirapine 10mg/ml, oral suspension w/syringe, Bottle, 100 ml",10mg/ml,100,10368,2127,1.3,0.01,16.67
"Saquinavir 500mg [Invirase], tablets, 120 Tabs","Saquinavir 500mg [Invirase], tablets, 120 Tabs",500mg,120,430,77,94.68,0.79,87.78
"Efavirenz 600mg, tablets, 30 Tabs","Efavirenz 600mg, tablets, 30 Tabs",600mg,30,915,Weight Captured Separately,16.57,0.55,18.76
"Lopinavir/Ritonavir 200/50mg, tablets, 120 Tabs","Lopinavir/Ritonavir 200/50mg, tablets, 120 Tabs",200/50mg,120,17587,5480,33.4,0.28,1266.45
"Lamivudine/Nevirapine/Zidovudine 150/200/300mg, tablets, 60 Tabs","Lamivudine/Nevirapine/Zidovudine 150/200/300mg, tablets, 60 Tabs",150/300/200mg,60,24000,Weight Captured Separately,8.2,0.14,202.31
"HIV 1/2, Uni-Gold HIV Kit, 20 Tests","HIV 1/2, Uni-Gold HIV Kit, 20 Tests",,20,25,10,0.01,0,0
"Lamivudine 150mg, tablets, 60 Tabs","Lamivudine 150mg, tablets, 60 Tabs",150mg,60,14500,See ASN-28777 (ID#:22196),1.72,0.03,25.64
"Tenofovir Disoproxil Fumarate 300mg, tablets, 30 Tabs","Tenofovir Disoproxil Fumarate 300mg, tablets, 30 Tabs",300mg,30,1630,153,8.56,0.29,27.35
"Lamivudine 150mg, tablets, 60 Tabs","Lamivudine 150mg, tablets, 60 Tabs",150mg,60,220,Weight Captured Separately,9.14,0.15,2.07
"Tenofovir Disoproxil Fumarate 300mg, tablets, 30 Tabs","Tenofovir Disoproxil Fumarate 300mg, tablets, 30 Tabs",300mg,30,71984,6719,6.65,0.22,789.84
"HIV 1/2, Determine Complete HIV Kit, 100 Tests","HIV 1/2, Determine Complete HIV Kit, 100 Tests",,100,3319,1351,80,0.8,272.95
"HIV 1/2, Stat-Pak HIV, Kit, 20 Tests","HIV 1/2, Stat-Pak HIV, Kit, 20 Tests",,20,2120,610,31,1.55,67.56
"HIV 1/2, Uni-Gold HIV Kit, 20 Tests","HIV 1/2, Uni-Gold HIV Kit, 20 Tests",,20,150,54,32,1.6,6.73
"HIV 1/2, Uni-Gold HIV Kit, 20 Tests","HIV 1/2, Uni-Gold HIV Kit, 20 Tests",,20,336,Weight Captured Separately,32,1.6,17.74
"HIV 1/2, Determine Complete HIV Kit, 100 Tests","HIV 1/2, Determine Complete HIV Kit, 100 Tests",,100,3500,1669,80,0.8,462
"Didanosine 100mg [Videx],chewable tablets, 60 Tabs","Didanosine 100mg [Videx],chewable tablets, 60 Tabs",100mg,60,10,Weight Captured Separately,16.29,0.27,0.32
"Abacavir 20mg/ml, oral solution, Bottle, 240 ml","Abacavir 20mg/ml, oral solution, Bottle, 240 ml",20mg/ml,240,17,Weight Captured Separately,19,0.08,0.33
"Didanosine 250mg, delayed-release capsules, 30 Caps","Didanosine 250mg, delayed-release capsules, 30 Caps",250mg,30,4,Weight Captured Separately,15.24,0.51,0.06
"Lamivudine/Nevirapine/Zidovudine 150/200/300mg, tablets, 60 Tabs","Lamivudine/Nevirapine/Zidovudine 150/200/300mg, tablets, 60 Tabs",150/300/200mg,60,16500,3802,11.15,0.19,360.59
"HIV 1/2, Determine Complete HIV Kit, 100 Tests","HIV 1/2, Determine Complete HIV Kit, 100 Tests",,100,2352,1058,89,0.89,293.48
"Efavirenz 600mg, tablets, 30 Tabs","Efavirenz 600mg, tablets, 30 Tabs",600mg,30,174500,14833,4.51,0.15,1298.54
"HIV 1/2, Determine Complete HIV Kit, 100 Tests","HIV 1/2, Determine Complete HIV Kit, 100 Tests",,100,5655,2290,80,0.8,532.47
"Lamivudine/Zidovudine 150/300mg, tablets, 60 Tabs","Lamivudine/Zidovudine 150/300mg, tablets, 60 Tabs",150/300mg,60,34464,2768,9,0.15,607.94
"Stavudine 20mg [Zerit], capsules, 60 Caps","Stavudine 20mg [Zerit], capsules, 60 Caps",20mg,60,150,Weight Captured Separately,6.07,0.1,1.96
"Nevirapine 200mg, tablets, 60 Tabs","Nevirapine 200mg, tablets, 60 Tabs",200mg,60,2500,Weight Captured Separately,2.16,0.04,6.36
"Lopinavir/Ritonavir 200/50mg [Aluvia], tablets, 120 Tabs","Lopinavir/Ritonavir 200/50mg [Aluvia], tablets, 120 Tabs",200/50mg,120,150,Weight Captured Separately,40.56,0.34,13.12
"HIV 1/2, Uni-Gold HIV Kit, 20 Tests","HIV 1/2, Uni-Gold HIV Kit, 20 Tests",,20,461,149,32,1.6,20.68
"HIV 1/2, OraQuick Advance HIV Rapid Antibody Kit, 100 Tests","HIV 1/2, OraQuick Advance HIV Rapid Antibody Kit, 100 Tests",,100,30,72,350,3.5,14.72
"HIV 1/2, Uni-Gold HIV Kit, 20 Tests","HIV 1/2, Uni-Gold HIV Kit, 20 Tests",,20,1065,Weight Captured Separately,32,1.6,56.23
"Darunavir 300mg [Prezista], tablets, 120 Tabs","Darunavir 300mg [Prezista], tablets, 120 Tabs",300mg,120,63,57,66.6,0.55,5.88
"Emtricitabine/Tenofovir Disoproxil Fumarate 200/300mg, tablets, 30 Tabs","Emtricitabine/Tenofovir Disoproxil Fumarate 200/300mg, tablets, 30 Tabs",200/300mg,30,11,Weight Captured Separately,21.83,0.73,0.25
"Raltegravir 400mg [Isentress], tablets, 60 Tabs","Raltegravir 400mg [Isentress], tablets, 60 Tabs",400mg,60,274,28,91.5,1.52,41.37
"Lamivudine/Tenofovir Disoproxil Fumarate 300/300mg, tablets, 30 Tabs","Lamivudine/Tenofovir Disoproxil Fumarate 300/300mg, tablets, 30 Tabs",300/300mg,30,6678,734,4.5,0.15,35.37
"Zidovudine 300mg, tablets, 60 Tabs","Zidovudine 300mg, tablets, 60 Tabs",300mg,60,10357,523,7.33,0.12,163.68
"Nevirapine 200mg, tablets, 60 Tabs","Nevirapine 200mg, tablets, 60 Tabs",200mg,60,5977,See ASN-9407 (ID#:17697),2.43,0.04,31.31
"Abacavir 60mg, dispersible tablets, 60 Tabs","Abacavir 60mg, dispersible tablets, 60 Tabs",60mg,60,7325,455,5,0.08,45.31
"Ritonavir 80mg/ml [Norvir], oral solution, cool, Bottle, 90 ml","Ritonavir 80mg/ml [Norvir], oral solution, cool, Bottle, 90 ml",80mg/ml,90,2,Weight Captured Separately,4.62,0.05,0.01
"Efavirenz 600mg, tablets, 30 Tabs","Efavirenz 600mg, tablets, 30 Tabs",600mg,30,132,Weight Captured Separately,11.27,0.38,1.53
"Lamivudine/Nevirapine/Zidovudine 30/50/60mg, dispersible tablets, 60 Tabs","Lamivudine/Nevirapine/Zidovudine 30/50/60mg, dispersible tablets, 60 Tabs",30/50/60mg,60,15021,1411,4,0.07,61.77
"Nevirapine 200mg, tablets, 60 Tabs","Nevirapine 200mg, tablets, 60 Tabs",200mg,60,55000,5810,2.08,0.03,117.6
"HIV 1/2, Determine Complete HIV Kit, 100 Tests","HIV 1/2, Determine Complete HIV Kit, 100 Tests",,100,336,154,90,0.9,65.2
"Didanosine 250mg, delayed-release capsules, 30 Caps","Didanosine 250mg, delayed-release capsules, 30 Caps",250mg,30,5,Weight Captured Separately,11.02,0.37,0.06
"Atazanavir/Ritonavir 300/100mg, tablets, 30 Tabs","Atazanavir/Ritonavir 300/100mg, tablets, 30 Tabs",300/100mg,30,4816,647,20,0.67,119.15
"Abacavir 300mg, tablets, 60 Tabs","Abacavir 300mg, tablets, 60 Tabs",300mg,60,26100,2586,16.25,0.27,914.41
"HIV 1/2, OraQuick Advance HIV Rapid Antibody Kit, 100 Tests","HIV 1/2, OraQuick Advance HIV Rapid Antibody Kit, 100 Tests",,100,127,22,350,3.5,73.34
"Tenofovir Disoproxil Fumarate 300mg, tablets, 30 Tabs","Tenofovir Disoproxil Fumarate 300mg, tablets, 30 Tabs",300mg,30,38890,2649,7.82,0.26,655.68
"Nevirapine 200mg, tablets, 60 Tabs","Nevirapine 200mg, tablets, 60 Tabs",200mg,60,1247,71,2.54,0.04,6.83
"HIV 1/2, Determine Complete HIV Kit, 100 Tests","HIV 1/2, Determine Complete HIV Kit, 100 Tests",,100,461,207,80,0.8,45.62
"Abacavir 300mg, tablets, 60 Tabs","Abacavir 300mg, tablets, 60 Tabs",300mg,60,600,See ASN-27809 (ID#:13106),11.45,0.19,7.06
"Lamivudine/Zidovudine 150/300mg, tablets, 60 Tabs","Lamivudine/Zidovudine 150/300mg, tablets, 60 Tabs",150/300mg,60,23063,1984,6.75,0.11,192.57
"Lamivudine/Nevirapine/Zidovudine 150/200/300mg, tablets, 60 Tabs","Lamivudine/Nevirapine/Zidovudine 150/200/300mg, tablets, 60 Tabs",150/300/200mg,60,12488,1846,8.15,0.14,125.9
"HIV 1/2, Determine HIV Kit, without Lancets, 100 Tests","HIV 1/2, Determine HIV Kit, without Lancets, 100 Tests",,100,7409,1275,77.7,0.78,949.87
"Tenofovir Disoproxil Fumarate 300mg, tablets, 30 Tabs","Tenofovir Disoproxil Fumarate 300mg, tablets, 30 Tabs",300mg,30,12346,820,6.86,0.23,139.74
"Lamivudine 10mg/ml, oral solution w/syringe, Bottle, 240 ml","Lamivudine 10mg/ml, oral solution w/syringe, Bottle, 240 ml",10mg/ml,240,11640,4386,3,0.01,75.29
"HIV 1/2, Determine Complete HIV Kit, 100 Tests","HIV 1/2, Determine Complete HIV Kit, 100 Tests",,100,1130,537,80,0.8,126.74
"Artemether/Lumefantrine 20/120mg [Coartem], scored tablets, Blister 30 x 24 Tabs","Artemether/Lumefantrine 20/120mg [Coartem], scored tablets, Blister 30 x 24 Tabs",20/120mg,720,2884,2006,45.6,0.06,184.38
"Lamivudine/Nevirapine/Zidovudine 150/200/300mg, tablets, 60 Tabs","Lamivudine/Nevirapine/Zidovudine 150/200/300mg, tablets, 60 Tabs",150/300/200mg,60,8500,3099,11.15,0.19,185.76
"#109435**HIV, OraQuick Controls Kit, 3 Vials","#109435**HIV, OraQuick Controls Kit, 3 Vials",,3,10,6,25,8.33,0.49
"Chase Buffer, Determine, 100 Tests, 2.5ml x 1 Vial","Chase Buffer, Determine, 100 Tests, 2.5ml x 1 Vial",,1,45,Weight Captured Separately,5,5,0.26
"Tenofovir Disoproxil Fumarate 300mg, tablets, 30 Tabs","Tenofovir Disoproxil Fumarate 300mg, tablets, 30 Tabs",300mg,30,7000,2190,3.55,0.12,25.55
"Nevirapine 200mg, tablets, 60 Tabs","Nevirapine 200mg, tablets, 60 Tabs",200mg,60,12600,See ASN-30463 (ID#:15460),2.16,0.04,27.98
"HIV 1/2, Determine HIV Kit, without Lancets, 100 Tests","HIV 1/2, Determine HIV Kit, without Lancets, 100 Tests",,100,3293,747,77.7,0.78,422.18
"Efavirenz 600mg, tablets, 30 Tabs","Efavirenz 600mg, tablets, 30 Tabs",600mg,30,25945,1638,3.19,0.11,102.38
"HIV 1/2, Determine Complete HIV Kit, 100 Tests","HIV 1/2, Determine Complete HIV Kit, 100 Tests",,100,2744,1303,89,0.89,342.39
"HIV 1/2, Bioline 3.0 Kit, Lancets, Capillary pipets, Alcohol swabs included, 25 Tests","HIV 1/2, Bioline 3.0 Kit, Lancets, Capillary pipets, Alcohol swabs included, 25 Tests",,25,16,139,20,0.8,0.69
"Capillary Tubes, for Determine, EDTA, 50uL,100 Pcs","Capillary Tubes, for Determine, EDTA, 50uL,100 Pcs",,100,640,331,8,0.08,7.18
"Abacavir 300mg, tablets, 60 Tabs","Abacavir 300mg, tablets, 60 Tabs",300mg,60,809,81,11.4,0.19,11.41
"HIV 1/2, Uni-Gold HIV Kit, 20 Tests","HIV 1/2, Uni-Gold HIV Kit, 20 Tests",,20,17,See ASN-24721 (ID#:13708),32,1.6,0.56
"Efavirenz 50mg, capsule, 30 Caps","Efavirenz 50mg, capsule, 30 Caps",50mg,30,708,Weight Captured Separately,3.81,0.13,5.28
"Lopinavir/Ritonavir 80/20mg/ml [Kaletra], oral solution, cool, Bottle 5 x 60 ml","Lopinavir/Ritonavir 80/20mg/ml [Kaletra], oral solution, cool, Bottle 5 x 60 ml",80/20mg/ml,300,255,253,30.82,0.1,11.02
"Nevirapine 200mg, tablets, 60 Tabs","Nevirapine 200mg, tablets, 60 Tabs",200mg,60,62671,3666,2.64,0.04,356.71
"Nevirapine 200mg, tablets, 60 Tabs","Nevirapine 200mg, tablets, 60 Tabs",200mg,60,57364,5468,2.25,0.04,180.95
"Lamivudine/Zidovudine 150/300mg, tablets, 60 Tabs","Lamivudine/Zidovudine 150/300mg, tablets, 60 Tabs",150/300mg,60,24,Weight Captured Separately,23,0.38,0.57
"Efavirenz 600mg, tablets, 30 Tabs","Efavirenz 600mg, tablets, 30 Tabs",600mg,30,6715,Weight Captured Separately,19.05,0.64,250.71
"HIV 1/2, Uni-Gold HIV Kit, 20 Tests","HIV 1/2, Uni-Gold HIV Kit, 20 Tests",,20,3640,1213,32,1.6,192.19
"Tenofovir Disoproxil Fumarate 300mg, tablets, 30 Tabs","Tenofovir Disoproxil Fumarate 300mg, tablets, 30 Tabs",300mg,30,276,26,8.56,0.29,4.63
"HIV 1/2, Bioline 3.0 Kit, Lancets, Capillary pipets, Alcohol swabs included, 25 Tests","HIV 1/2, Bioline 3.0 Kit, Lancets, Capillary pipets, Alcohol swabs included, 25 Tests",,25,10000,3334,20,0.8,330
"Efavirenz/Lamivudine/Tenofovir Disoproxil Fumarate 600/300/300mg, tablets, 30 Tabs","Efavirenz/Lamivudine/Tenofovir Disoproxil Fumarate 600/300/300mg, tablets, 30 Tabs",600/300/300mg,30,18616,2101,10.15,0.34,194.24
"Efavirenz 600mg, tablets, 30 Tabs","Efavirenz 600mg, tablets, 30 Tabs",600mg,30,22333,Weight Captured Separately,16.08,0.54,444.16
"HIV 1/2, Uni-Gold HIV Kit, 20 Tests","HIV 1/2, Uni-Gold HIV Kit, 20 Tests",,20,2000,682,32,1.6,125.44
"HIV 1/2, Determine Complete HIV Kit, 100 Tests","HIV 1/2, Determine Complete HIV Kit, 100 Tests",,100,1582,Weight Captured Separately,80,0.8,148.96
"Lopinavir/Ritonavir 80/20mg/ml [Kaletra], oral solution, cool, Bottle 5 x 60 ml","Lopinavir/Ritonavir 80/20mg/ml [Kaletra], oral solution, cool, Bottle 5 x 60 ml",80/20mg/ml,300,2626,2584,30.82,0.1,95.26
"Saquinavir 200mg [Invirase], capsules, 270 Caps","Saquinavir 200mg [Invirase], capsules, 270 Caps",200mg,270,27,Weight Captured Separately,55.51,0.21,1.54
"Lamivudine 150mg [Epivir], tablets, 60 Tabs","Lamivudine 150mg [Epivir], tablets, 60 Tabs",150mg,60,3532,Weight Captured Separately,11.74,0.2,51.31
"Capillary Tubes, for Determine, EDTA, 50uL,100 Pcs","Capillary Tubes, for Determine, EDTA, 50uL,100 Pcs",,100,214,97,8,0.08,2.12
"HIV 1/2, Determine Complete HIV Kit, 100 Tests","HIV 1/2, Determine Complete HIV Kit, 100 Tests",,100,7318,2556,89,0.89,1074.65
"HIV 1/2, Uni-Gold HIV Kit, 20 Tests","HIV 1/2, Uni-Gold HIV Kit, 20 Tests",,20,1000,345,32,1.6,62.72
"Tenofovir Disoproxil Fumarate 300mg, tablets, 30 Tabs","Tenofovir Disoproxil Fumarate 300mg, tablets, 30 Tabs",300mg,30,211,Weight Captured Separately,22.6,0.75,5.9
"HIV 1/2, Determine Complete HIV Kit, 100 Tests","HIV 1/2, Determine Complete HIV Kit, 100 Tests",,100,2730,1318,80,0.8,470.87
"Sulfadoxine/Pyrimethamine 500/25mg, tablets, Blister 10 x 3 Tabs","Sulfadoxine/Pyrimethamine 500/25mg, tablets, Blister 10 x 3 Tabs",500/25mg,30,1200,52,1.53,0.05,2.57
"HIV 1/2, OraQuick Advance HIV Rapid Antibody Kit, 100 Tests","HIV 1/2, OraQuick Advance HIV Rapid Antibody Kit, 100 Tests",,100,4,11,350,3.5,1.44
"Sulfadoxine/Pyrimethamine 500/25mg, tablets, Blister 10 x 3 Tabs","Sulfadoxine/Pyrimethamine 500/25mg, tablets, Blister 10 x 3 Tabs",500/25mg,30,300,13,1.1,0.04,0.54
"Atazanavir 150mg [Reyataz], capsules, 60 Caps","Atazanavir 150mg [Reyataz], capsules, 60 Caps",150mg,60,6,Weight Captured Separately,15.9,0.26,0.1
"Didanosine 400mg, delayed-release capsules, 30 Caps","Didanosine 400mg, delayed-release capsules, 30 Caps",400mg,30,31,Weight Captured Separately,21.71,0.72,0.83
"Efavirenz 600mg, tablets, 30 Tabs","Efavirenz 600mg, tablets, 30 Tabs",600mg,30,53954,4564,4.67,0.16,543.24
"Lamivudine 150mg, tablets, 60 Tabs","Lamivudine 150mg, tablets, 60 Tabs",150mg,60,18600,2175,1.85,0.03,35.37
"Raltegravir 400mg [Isentress], tablets, 60 Tabs","Raltegravir 400mg [Isentress], tablets, 60 Tabs",400mg,60,189,19,55.5,0.92,14.71
"Chase Buffer, Determine, 100 Tests, 2.5ml x 1 Vial","Chase Buffer, Determine, 100 Tests, 2.5ml x 1 Vial",,1,45,Weight Captured Separately,5,5,0.26
"Nevirapine 200mg, tablets, 60 Tabs","Nevirapine 200mg, tablets, 60 Tabs",200mg,60,12,Weight Captured Separately,17.75,0.3,0.22
"HIV 1/2, Uni-Gold HIV Kit, 20 Tests","HIV 1/2, Uni-Gold HIV Kit, 20 Tests",,20,4000,1315,32,1.6,179.46
"Zidovudine 10mg/ml, oral solution w/syringe, Bottle, 240 ml","Zidovudine 10mg/ml, oral solution w/syringe, Bottle, 240 ml",10mg/ml,240,179,See ASN-19193 (ID#:14265),2.1,0.01,0.46
"HIV 1/2, Determine Complete HIV Kit, 100 Tests","HIV 1/2, Determine Complete HIV Kit, 100 Tests",,100,544,226,89,0.89,59.89
"Lamivudine 10mg/ml, oral solution, Bottle, 240 ml","Lamivudine 10mg/ml, oral solution, Bottle, 240 ml",10mg/ml,240,43,Weight Captured Separately,7.39,0.03,0.39
"Lamivudine 150mg [Epivir], tablets, 60 Tabs","Lamivudine 150mg [Epivir], tablets, 60 Tabs",150mg,60,2314,Weight Captured Separately,11.5,0.19,27.35
"HIV 1/2, Determine Complete HIV Kit, 100 Tests","HIV 1/2, Determine Complete HIV Kit, 100 Tests",,100,6392,2592,89,0.89,669.58
"HIV 1/2, Determine HIV Kit, without Lancets, 100 Tests","HIV 1/2, Determine HIV Kit, without Lancets, 100 Tests",,100,950,216,70,0.7,130.34
"Tenofovir Disoproxil Fumarate 300mg, tablets, 30 Tabs","Tenofovir Disoproxil Fumarate 300mg, tablets, 30 Tabs",300mg,30,44717,3071,7.82,0.26,753.93
"Ritonavir 100mg [Norvir], capsules, cool, 84 Caps","Ritonavir 100mg [Norvir], capsules, cool, 84 Caps",100mg,84,620,Weight Captured Separately,10.35,0.12,13.84
"HIV 1/2, Uni-Gold HIV Kit, 20 Tests","HIV 1/2, Uni-Gold HIV Kit, 20 Tests",,20,11,5,32,1.6,0.58
"Efavirenz 600mg, tablets, 30 Tabs","Efavirenz 600mg, tablets, 30 Tabs",600mg,30,108211,Weight Captured Separately,4.51,0.15,1052.2
"Nevirapine 10mg/ml, oral suspension w/syringe, Bottle, 240 ml","Nevirapine 10mg/ml, oral suspension w/syringe, Bottle, 240 ml",10mg/ml,240,10233,3542,2.12,0.01,46.77
"Efavirenz/Lamivudine/Tenofovir Disoproxil Fumarate 600/300/300mg, tablets, 30 Tabs","Efavirenz/Lamivudine/Tenofovir Disoproxil Fumarate 600/300/300mg, tablets, 30 Tabs",600/300/300mg,30,1531,Weight Captured Separately,11.15,0.37,21.12
"HIV 1/2, SKB Colloidal Gold, Diagnostic Kit, Antibody, 50 Tests","HIV 1/2, SKB Colloidal Gold, Diagnostic Kit, Antibody, 50 Tests",,1,250,164,24.5,24.5,7.58
"HIV 1/2, SKB Colloidal Gold, Diagnostic Kit, Antibody, 50 Tests","HIV 1/2, SKB Colloidal Gold, Diagnostic Kit, Antibody, 50 Tests",,1,990,718,23,23,37.57
"Zidovudine 300mg, tablets, 60 Tabs","Zidovudine 300mg, tablets, 60 Tabs",300mg,60,62,Weight Captured Separately,23.36,0.39,1.79
"Lopinavir/Ritonavir 200/50mg [Aluvia], tablets, 120 Tabs","Lopinavir/Ritonavir 200/50mg [Aluvia], tablets, 120 Tabs",200/50mg,120,1008,406,18.66,0.16,19.34
"Ritonavir 100mg [Norvir], film coated tablets, 60 Tabs","Ritonavir 100mg [Norvir], film coated tablets, 60 Tabs",100mg,60,579,83,6.85,0.11,4.08
"Lamivudine/Nevirapine/Zidovudine 30/50/60mg, dispersible tablets, 60 Tabs","Lamivudine/Nevirapine/Zidovudine 30/50/60mg, dispersible tablets, 60 Tabs",30/50/60mg,60,3881,See ASN-18971 (ID#:16186),4,0.07,19.2
"Nevirapine 200mg, tablets, 60 Tabs","Nevirapine 200mg, tablets, 60 Tabs",200mg,60,22,Weight Captured Separately,12.82,0.21,0.29
"Atazanavir/Ritonavir 300/100mg, tablets, 30 Tabs","Atazanavir/Ritonavir 300/100mg, tablets, 30 Tabs",300/100mg,30,1400,364,22.5,0.75,44.16
"Tenofovir Disoproxil Fumarate 300mg, tablets, 30 Tabs","Tenofovir Disoproxil Fumarate 300mg, tablets, 30 Tabs",300mg,30,2016,136,7.82,0.26,33.99
"Lamivudine/Tenofovir Disoproxil Fumarate 300/300mg, tablets, 30 Tabs","Lamivudine/Tenofovir Disoproxil Fumarate 300/300mg, tablets, 30 Tabs",300/300mg,30,17447,1825,4.62,0.15,82.86
"HIV 1/2, Stat-Pak HIV, Kit, 20 Tests","HIV 1/2, Stat-Pak HIV, Kit, 20 Tests",,20,202,60,32,1.6,8
"Lopinavir/Ritonavir 100/25mg [Aluvia], tablets, 60 Tabs","Lopinavir/Ritonavir 100/25mg [Aluvia], tablets, 60 Tabs",100/25mg,60,2565,304,5.94,0.1,18.85
"HIV 1/2, Determine Complete HIV Kit, 100 Tests","HIV 1/2, Determine Complete HIV Kit, 100 Tests",,100,9241,3744,89,0.89,1017.37
"HIV 1/2, SKB Colloidal Gold, Diagnostic Kit, Antibody, 50 Tests","HIV 1/2, SKB Colloidal Gold, Diagnostic Kit, Antibody, 50 Tests",,1,505,367,24.5,24.5,17.35
"Efavirenz 200mg, capsule, 90 Caps","Efavirenz 200mg, capsule, 90 Caps",200mg,90,300,40,8.17,0.09,4.04
"Tenofovir Disoproxil Fumarate 300mg [Viread], tablets, 30 Tabs","Tenofovir Disoproxil Fumarate 300mg [Viread], tablets, 30 Tabs",300mg,30,100,Weight Captured Separately,27.33,0.91,5.36
"Efavirenz 600mg, tablets, 30 Tabs","Efavirenz 600mg, tablets, 30 Tabs",600mg,30,92500,8025,4.71,0.16,718.86
"Lopinavir/Ritonavir 100/25mg, tablets, 60 Tabs","Lopinavir/Ritonavir 100/25mg, tablets, 60 Tabs",100/25mg,60,607,66,8.04,0.13,5.02
"Lamivudine 150mg, tablets, 60 Tabs","Lamivudine 150mg, tablets, 60 Tabs",150mg,60,1260,See ASN-20434 (ID#:13874),1.84,0.03,2.87
"HIV 1/2, Uni-Gold HIV Kit, 20 Tests","HIV 1/2, Uni-Gold HIV Kit, 20 Tests",,20,53,18,32,1.6,2.8
"Lamivudine/Nevirapine/Zidovudine 150/200/300mg, tablets, 60 Tabs","Lamivudine/Nevirapine/Zidovudine 150/200/300mg, tablets, 60 Tabs",150/300/200mg,60,37215,See ASN-17075 (ID#:20697),8.6,0.14,448.71
"Ritonavir 100mg [Norvir], film coated tablets, 60 Tabs","Ritonavir 100mg [Norvir], film coated tablets, 60 Tabs",100mg,60,1514,204,6.85,0.11,10.66
"HIV 1/2, Uni-Gold HIV Kit, 20 Tests","HIV 1/2, Uni-Gold HIV Kit, 20 Tests",,20,1543,Weight Captured Separately,32,1.6,58.12
"Efavirenz 600mg, tablets, 30 Tabs","Efavirenz 600mg, tablets, 30 Tabs",600mg,30,43657,3720,4.13,0.14,388.73
"HIV 1/2, Determine Complete HIV Kit, 100 Tests","HIV 1/2, Determine Complete HIV Kit, 100 Tests",,100,3023,1221,89,0.89,332.81
"HIV 1/2, Uni-Gold HIV Kit, 20 Tests","HIV 1/2, Uni-Gold HIV Kit, 20 Tests",,20,3000,880,32,1.6,118.75
"HIV 1/2, Determine Complete HIV Kit, 100 Tests","HIV 1/2, Determine Complete HIV Kit, 100 Tests",,100,762,362,80,0.8,75.41
"Didanosine 250mg, delayed-release capsules, 30 Caps","Didanosine 250mg, delayed-release capsules, 30 Caps",250mg,30,3,Weight Captured Separately,11.02,0.37,0.03
"Abacavir 300mg, tablets, 60 Tabs","Abacavir 300mg, tablets, 60 Tabs",300mg,60,1600,See ASN-26923 (ID#:13027),11.45,0.19,18.83
"Raltegravir 400mg [Isentress], tablets, 60 Tabs","Raltegravir 400mg [Isentress], tablets, 60 Tabs",400mg,60,45,Weight Captured Separately,61.16,1.02,2.83
"Lopinavir/Ritonavir 80/20mg/ml [Kaletra], oral solution, cool, Bottle 5 x 60 ml","Lopinavir/Ritonavir 80/20mg/ml [Kaletra], oral solution, cool, Bottle 5 x 60 ml",80/20mg/ml,300,12,48,60.82,0.2,0.9
"HIV 1/2, Uni-Gold HIV Kit, 20 Tests","HIV 1/2, Uni-Gold HIV Kit, 20 Tests",,20,160,53,32,1.6,11.04
"Lopinavir/Ritonavir 80/20mg/ml [Kaletra], oral solution, cool, Bottle 5 x 60 ml","Lopinavir/Ritonavir 80/20mg/ml [Kaletra], oral solution, cool, Bottle 5 x 60 ml",80/20mg/ml,300,120,Weight Captured Separately,41.49,0.14,10.73
"Tenofovir Disoproxil Fumarate 300mg, tablets, 30 Tabs","Tenofovir Disoproxil Fumarate 300mg, tablets, 30 Tabs",300mg,30,28330,2645,6.65,0.22,406.18
"HIV 1/2, Determine Complete HIV Kit, 100 Tests","HIV 1/2, Determine Complete HIV Kit, 100 Tests",,100,1005,Weight Captured Separately,89,0.89,125.4
"Capillary Tubes, for Determine, EDTA, 50uL,100 Pcs","Capillary Tubes, for Determine, EDTA, 50uL,100 Pcs",,100,173,201,8,0.08,1.94
"HIV 1/2, Determine Complete HIV Kit, 100 Tests","HIV 1/2, Determine Complete HIV Kit, 100 Tests",,100,1144,468,80,0.8,94.08
"HIV 1/2, Uni-Gold HIV Kit, 20 Tests","HIV 1/2, Uni-Gold HIV Kit, 20 Tests",,20,47,See ASN-28279 (ID#:13547),32,1.6,1.55
"Atazanavir/Ritonavir 300/100mg, tablets, 30 Tabs","Atazanavir/Ritonavir 300/100mg, tablets, 30 Tabs",300/100mg,30,3000,405,20,0.67,61.68
"Lamivudine/Tenofovir Disoproxil Fumarate 300/300mg, tablets, 30 Tabs","Lamivudine/Tenofovir Disoproxil Fumarate 300/300mg, tablets, 30 Tabs",300/300mg,30,45632,4539,4.62,0.15,216.72
"HIV 1/2, Genie III Kit, 50 Tests","HIV 1/2, Genie III Kit, 50 Tests",,50,15,8,90.91,1.82,1.69
"HIV 1/2, Bioline 3.0 Diluent, 25 Tests, Bottle x 5 ml","HIV 1/2, Bioline 3.0 Diluent, 25 Tests, Bottle x 5 ml",,1,13,2,0.9,0.9,0.02
"Atazanavir/Ritonavir 300/100mg, tablets, 30 Tabs","Atazanavir/Ritonavir 300/100mg, tablets, 30 Tabs",300/100mg,30,1052,138,18,0.6,19.47
"HIV 1/2, Determine Complete HIV Kit, 100 Tests","HIV 1/2, Determine Complete HIV Kit, 100 Tests",,100,596,287,80,0.8,66.85
"Efavirenz 600mg, tablets, 30 Tabs","Efavirenz 600mg, tablets, 30 Tabs",600mg,30,61150,3858,3.19,0.11,200.53
"HIV 1/2, SKB Colloidal Gold, Diagnostic Kit, Antibody, 50 Tests","HIV 1/2, SKB Colloidal Gold, Diagnostic Kit, Antibody, 50 Tests",,1,1362,950,24.5,24.5,46.78
"Abacavir 300mg, tablets, 60 Tabs","Abacavir 300mg, tablets, 60 Tabs",300mg,60,53,Weight Captured Separately,49.85,0.83,2.72
"Efavirenz 600mg, tablets, 30 Tabs","Efavirenz 600mg, tablets, 30 Tabs",600mg,30,7197,530,4.49,0.15,69.67
"Lopinavir/Ritonavir 200/50mg [Aluvia], tablets, 120 Tabs","Lopinavir/Ritonavir 200/50mg [Aluvia], tablets, 120 Tabs",200/50mg,120,6050,See ASN-32716 (ID#:22417),18.47,0.15,114.87
"Etravirine 100mg [Intelence], tablets, 120 Tabs","Etravirine 100mg [Intelence], tablets, 120 Tabs",100mg,120,93,22,84.3,0.7,12.94
"Capillary Tubes, for Determine, EDTA, 50uL,100 Pcs","Capillary Tubes, for Determine, EDTA, 50uL,100 Pcs",,100,115,173,8,0.08,0.95
"Efavirenz/Lamivudine/Tenofovir Disoproxil Fumarate 600/300/300mg, tablets, 30 Tabs","Efavirenz/Lamivudine/Tenofovir Disoproxil Fumarate 600/300/300mg, tablets, 30 Tabs",600/300/300mg,30,42699,4806,11.49,0.38,606.89
"HIV 1/2, Uni-Gold HIV Kit, 20 Tests","HIV 1/2, Uni-Gold HIV Kit, 20 Tests",,20,2481,780,32,1.6,81.61
"Zidovudine 10mg/ml, oral solution w/syringe, Bottle, 240 ml","Zidovudine 10mg/ml, oral solution w/syringe, Bottle, 240 ml",10mg/ml,240,309,See ASN-17572 (ID#:19630),2.1,0.01,0.8
"Didanosine EC 250mg [Videx EC], delayed-release capsules, Blister 3 x 10 Caps","Didanosine EC 250mg [Videx EC], delayed-release capsules, Blister 3 x 10 Caps",250mg,30,6357,1272,18.34,0.61,192.37
"Raltegravir 400mg [Isentress], tablets, 60 Tabs","Raltegravir 400mg [Isentress], tablets, 60 Tabs",400mg,60,1,Weight Captured Separately,61.16,1.02,0.06
"HIV 1/2, Uni-Gold HIV Kit, 20 Tests","HIV 1/2, Uni-Gold HIV Kit, 20 Tests",,20,5920,1896,32,1.6,312.58
"Lopinavir/Ritonavir 80/20mg/ml [Kaletra], oral solution, cool, Bottle 5 x 60 ml","Lopinavir/Ritonavir 80/20mg/ml [Kaletra], oral solution, cool, Bottle 5 x 60 ml",80/20mg/ml,300,480,492,30.82,0.1,18.3
"Etravirine 100mg [Intelence], tablets, 120 Tabs","Etravirine 100mg [Intelence], tablets, 120 Tabs",100mg,120,140,Weight Captured Separately,36,0.3,5.18
"Darunavir 600mg [Prezista], tablets, 60 Tabs","Darunavir 600mg [Prezista], tablets, 60 Tabs",600mg,60,15,Weight Captured Separately,65.23,1.09,1.01
"HIV 1/2, Determine Complete HIV Kit, 100 Tests","HIV 1/2, Determine Complete HIV Kit, 100 Tests",,100,2853,1294,89,0.89,355.99
"Didanosine 250mg, delayed-release capsules, 30 Caps","Didanosine 250mg, delayed-release capsules, 30 Caps",250mg,30,84,6,13,0.43,2.35
"Lopinavir/Ritonavir 80/20mg/ml [Kaletra], oral solution, cool, Bottle 5 x 60 ml","Lopinavir/Ritonavir 80/20mg/ml [Kaletra], oral solution, cool, Bottle 5 x 60 ml",80/20mg/ml,300,21,52,60.82,0.2,1.79
"Abacavir 300mg, tablets, 60 Tabs","Abacavir 300mg, tablets, 60 Tabs",300mg,60,388,See ASN-13475 (ID#:15772),14.45,0.24,9.25
"Zidovudine 300mg, tablets, 60 Tabs","Zidovudine 300mg, tablets, 60 Tabs",300mg,60,12,Weight Captured Separately,18.03,0.3,0.22
"Emtricitabine/Tenofovir Disoproxil Fumarate 200/300mg, tablets, 30 Tabs","Emtricitabine/Tenofovir Disoproxil Fumarate 200/300mg, tablets, 30 Tabs",200/300mg,30,12,Weight Captured Separately,28.28,0.94,0.42
"Lopinavir/Ritonavir 80/20mg/ml [Kaletra], oral solution, cool, Bottle 5 x 60 ml","Lopinavir/Ritonavir 80/20mg/ml [Kaletra], oral solution, cool, Bottle 5 x 60 ml",80/20mg/ml,300,4,Weight Captured Separately,17.14,0.06,0.07
"Lamivudine 150mg, tablets, 60 Tabs","Lamivudine 150mg, tablets, 60 Tabs",150mg,60,356876,16391,2.43,0.04,1430.89
"Zidovudine 300mg, tablets, 60 Tabs","Zidovudine 300mg, tablets, 60 Tabs",300mg,60,100000,5177,7.3,0.12,1204.5
"Lopinavir/Ritonavir 200/50mg, tablets, 120 Tabs","Lopinavir/Ritonavir 200/50mg, tablets, 120 Tabs",200/50mg,120,11440,Weight Captured Separately,34.3,0.29,846
"Tenofovir Disoproxil Fumarate 300mg, tablets, 30 Tabs","Tenofovir Disoproxil Fumarate 300mg, tablets, 30 Tabs",300mg,30,88289,7540,6.91,0.23,1315.33
"Efavirenz 600mg, tablets, 30 Tabs","Efavirenz 600mg, tablets, 30 Tabs",600mg,30,64980,5578,3.3,0.11,300.64
"HIV 1/2, Determine HIV Kit, without Lancets, 100 Tests","HIV 1/2, Determine HIV Kit, without Lancets, 100 Tests",,100,5200,1179,70,0.7,784.78
"Lamivudine 150mg, tablets, 60 Tabs","Lamivudine 150mg, tablets, 60 Tabs",150mg,60,161,Weight Captured Separately,6.61,0.11,1.09
"Lopinavir/Ritonavir 80/20mg/ml [Kaletra], oral solution, cool, Bottle 5 x 60 ml","Lopinavir/Ritonavir 80/20mg/ml [Kaletra], oral solution, cool, Bottle 5 x 60 ml",80/20mg/ml,300,2166,2480,36.16,0.12,168.86
"Lopinavir/Ritonavir 200/50mg [Aluvia], tablets, 120 Tabs","Lopinavir/Ritonavir 200/50mg [Aluvia], tablets, 120 Tabs",200/50mg,120,8566,2042,60.82,0.51,644.46
"Tenofovir Disoproxil Fumarate 300mg, tablets, 30 Tabs","Tenofovir Disoproxil Fumarate 300mg, tablets, 30 Tabs",300mg,30,48000,3247,6.47,0.22,512.42
"HIV 1/2, Determine Complete HIV Kit, 100 Tests","HIV 1/2, Determine Complete HIV Kit, 100 Tests",,100,1560,676,80,0.8,154.38
"Lopinavir/Ritonavir 80/20mg/ml [Kaletra], oral solution, cool, Bottle 5 x 60 ml","Lopinavir/Ritonavir 80/20mg/ml [Kaletra], oral solution, cool, Bottle 5 x 60 ml",80/20mg/ml,300,3,Weight Captured Separately,20.68,0.07,0.07
"Lopinavir/Ritonavir 100/25mg [Aluvia], tablets, 60 Tabs","Lopinavir/Ritonavir 100/25mg [Aluvia], tablets, 60 Tabs",100/25mg,60,8800,1485,5.94,0.1,61.52
"Efavirenz 600mg, tablets, 30 Tabs","Efavirenz 600mg, tablets, 30 Tabs",600mg,30,44,Weight Captured Separately,12.09,0.4,0.55
"HIV 1/2, Determine Complete HIV Kit, 100 Tests","HIV 1/2, Determine Complete HIV Kit, 100 Tests",,100,90,39,89,0.89,9.91
"Lopinavir/Ritonavir 80/20mg/ml [Kaletra], oral solution, cool, Bottle 5 x 60 ml","Lopinavir/Ritonavir 80/20mg/ml [Kaletra], oral solution, cool, Bottle 5 x 60 ml",80/20mg/ml,300,3,Weight Captured Separately,22.07,0.07,0.07
"HIV 1/2, Determine Complete HIV Kit, 100 Tests","HIV 1/2, Determine Complete HIV Kit, 100 Tests",,100,1775,791,92,0.92,202
"Lamivudine/Nevirapine/Zidovudine 150/200/300mg, tablets, 60 Tabs","Lamivudine/Nevirapine/Zidovudine 150/200/300mg, tablets, 60 Tabs",150/300/200mg,60,150000,21674,8.1,0.13,1502.96
"HIV 1/2, Determine Complete HIV Kit, 100 Tests","HIV 1/2, Determine Complete HIV Kit, 100 Tests",,100,7018,2305,89,0.89,875.69
"HIV 1/2, Determine HIV Kit, without Lancets, 100 Tests","HIV 1/2, Determine HIV Kit, without Lancets, 100 Tests",,100,6107,Weight Captured Separately,66.75,0.67,479.79
"HIV 1/2, Determine Complete HIV Kit, 100 Tests","HIV 1/2, Determine Complete HIV Kit, 100 Tests",,100,3750,1065,80,0.8,588
"Efavirenz 600mg, tablets, 30 Tabs","Efavirenz 600mg, tablets, 30 Tabs",600mg,30,25741,2210,3.3,0.11,119.09
"HIV 1/2, Determine Complete HIV Kit, 100 Tests","HIV 1/2, Determine Complete HIV Kit, 100 Tests",,100,6380,2587,89,0.89,668.32
"HIV 1/2, Determine Complete HIV Kit, 100 Tests","HIV 1/2, Determine Complete HIV Kit, 100 Tests",,100,2835,1352,89,0.89,353.75
"Ritonavir 100mg [Norvir], capsules, cool, 4 x 84 Caps","Ritonavir 100mg [Norvir], capsules, cool, 4 x 84 Caps",100mg,336,194,390,38.36,0.11,16.04
"Zidovudine 300mg, tablets, 60 Tabs","Zidovudine 300mg, tablets, 60 Tabs",300mg,60,503,See ASN-21668 (ID#:17501),5.75,0.1,3.58
"Nevirapine 10mg/ml, oral suspension w/syringe, Bottle, 240 ml","Nevirapine 10mg/ml, oral suspension w/syringe, Bottle, 240 ml",10mg/ml,240,14065,6196,2.12,0.01,64.29
"HIV 1/2, Determine HIV Kit, without Lancets, 100 Tests","HIV 1/2, Determine HIV Kit, without Lancets, 100 Tests",,100,2769,628,77.7,0.78,355
"Efavirenz/Emtricitabine/Tenofovir Disoproxil Fumarate 600/200/300mg [Atripla], tablets, 30 Tabs","Efavirenz/Emtricitabine/Tenofovir Disoproxil Fumarate 600/200/300mg [Atripla], tablets, 30 Tabs",600/200/300mg,30,6120,Weight Captured Separately,50.4,1.68,604.56
"Zidovudine 300mg, tablets, 60 Tabs","Zidovudine 300mg, tablets, 60 Tabs",300mg,60,17470,7765,7.33,0.12,276.09
"Lamivudine/Zidovudine 150/300mg, tablets, 60 Tabs","Lamivudine/Zidovudine 150/300mg, tablets, 60 Tabs",150/300mg,60,5700,498,6.49,0.11,38.03
"HIV 1/2, OraQuick Advance HIV Rapid Antibody Kit, 100 Tests","HIV 1/2, OraQuick Advance HIV Rapid Antibody Kit, 100 Tests",,100,20,48,350,3.5,13.72
"Lamivudine 150mg, tablets, 60 Tabs","Lamivudine 150mg, tablets, 60 Tabs",150mg,60,158124,7467,2.43,0.04,634
"HIV 1/2, Determine Complete HIV Kit, 100 Tests","HIV 1/2, Determine Complete HIV Kit, 100 Tests",,100,2730,1184,80,0.8,270.16
"Darunavir 600mg [Prezista], tablets, 60 Tabs","Darunavir 600mg [Prezista], tablets, 60 Tabs",600mg,60,600,120,54,0.9,33.31
"Efavirenz/Emtricitabine/Tenofovir Disoproxil Fumarate 600/200/300mg, tablets, 30 Tabs","Efavirenz/Emtricitabine/Tenofovir Disoproxil Fumarate 600/200/300mg, tablets, 30 Tabs",600/200/300mg,30,53149,5808,19.9,0.66,2280.33
"Efavirenz/Lamivudine/Tenofovir Disoproxil Fumarate 600/300/300mg, tablets, 30 Tabs","Efavirenz/Lamivudine/Tenofovir Disoproxil Fumarate 600/300/300mg, tablets, 30 Tabs",600/300/300mg,30,8640,See ASN-27812 (ID#:25926),10.5,0.35,93.26
"HIV 1/2, SKB Colloidal Gold, Diagnostic Kit, Antibody, 50 Tests","HIV 1/2, SKB Colloidal Gold, Diagnostic Kit, Antibody, 50 Tests",,1,400,253,24.5,24.5,10.07
"HIV 1/2, Determine Complete HIV Kit, 100 Tests","HIV 1/2, Determine Complete HIV Kit, 100 Tests",,100,1384,661,80,0.8,182.69
"Lopinavir/Ritonavir 200/50mg, tablets, 120 Tabs","Lopinavir/Ritonavir 200/50mg, tablets, 120 Tabs",200/50mg,120,691,191,37,0.31,55.12
"Saquinavir 200mg [Invirase], capsules, 270 Caps","Saquinavir 200mg [Invirase], capsules, 270 Caps",200mg,270,420,446,103.52,0.38,71.74
"Efavirenz 600mg, tablets, 30 Tabs","Efavirenz 600mg, tablets, 30 Tabs",600mg,30,119251,9461,4.26,0.14,838.22
"HIV 1/2, Uni-Gold HIV Kit, 20 Tests","HIV 1/2, Uni-Gold HIV Kit, 20 Tests",,20,3140,1024,32,1.6,124.29
"Efavirenz 50mg, capsule, 30 Caps","Efavirenz 50mg, capsule, 30 Caps",50mg,30,5049,Weight Captured Separately,3.96,0.13,39.15
"Lopinavir/Ritonavir 200/50mg [Aluvia], tablets, 120 Tabs","Lopinavir/Ritonavir 200/50mg [Aluvia], tablets, 120 Tabs",200/50mg,120,31,Weight Captured Separately,25.76,0.21,0.99
"HIV 1/2, Uni-Gold HIV Kit, 20 Tests","HIV 1/2, Uni-Gold HIV Kit, 20 Tests",,20,4445,1112,32,1.6,306.67
"Nevirapine 200mg, tablets, 60 Tabs","Nevirapine 200mg, tablets, 60 Tabs",200mg,60,24,Weight Captured Separately,13.74,0.23,0.34
"HIV 1/2, Determine HIV Kit, without Lancets, 100 Tests","HIV 1/2, Determine HIV Kit, without Lancets, 100 Tests",,100,2000,453,97.68,0.98,322.34
"HIV 1/2, SKB Colloidal Gold, Diagnostic Kit, Antibody, 50 Tests","HIV 1/2, SKB Colloidal Gold, Diagnostic Kit, Antibody, 50 Tests",,1,400,253,24.5,24.5,10.07
"Abacavir/Lamivudine 60/30mg, dispersible tablets, 60 Tabs","Abacavir/Lamivudine 60/30mg, dispersible tablets, 60 Tabs",60/30mg,60,40000,3533,6,0.1,296.88
"Lamivudine 150mg, tablets, 60 Tabs","Lamivudine 150mg, tablets, 60 Tabs",150mg,60,15000,780,2.38,0.04,76.97
"Nevirapine 200mg, tablets, 60 Tabs","Nevirapine 200mg, tablets, 60 Tabs",200mg,60,12000,708,3.09,0.05,72.68
"Lamivudine 150mg, tablets, 60 Tabs","Lamivudine 150mg, tablets, 60 Tabs",150mg,60,150000,7670,2.49,0.04,805.27
"Efavirenz 200mg, capsule, 90 Caps","Efavirenz 200mg, capsule, 90 Caps",200mg,90,10,Weight Captured Separately,17.04,0.19,0.18
"Lopinavir/Ritonavir 200/50mg [Aluvia], tablets, 120 Tabs","Lopinavir/Ritonavir 200/50mg [Aluvia], tablets, 120 Tabs",200/50mg,120,8000,Weight Captured Separately,46.99,0.39,736.73
"HIV 1/2, ImmunoComb II BiSpot EIA Kit, 36 Tests","HIV 1/2, ImmunoComb II BiSpot EIA Kit, 36 Tests",,36,58,23,85,2.36,5.07
"Nevirapine 200mg, tablets, 60 Tabs","Nevirapine 200mg, tablets, 60 Tabs",200mg,60,26369,3110,2.92,0.05,166.01
"Atazanavir/Ritonavir 300/100mg, tablets, 30 Tabs","Atazanavir/Ritonavir 300/100mg, tablets, 30 Tabs",300/100mg,30,6000,811,20,0.67,123.36
"HIV 1/2, Uni-Gold HIV Kit, 20 Tests","HIV 1/2, Uni-Gold HIV Kit, 20 Tests",,20,7500,2451,32,1.6,396
"Atazanavir 300mg, capsules, 30 Caps","Atazanavir 300mg, capsules, 30 Caps",300mg,30,132,12,20,0.67,3.27
"Tenofovir Disoproxil Fumarate 300mg, tablets, 30 Tabs","Tenofovir Disoproxil Fumarate 300mg, tablets, 30 Tabs",300mg,30,40319,3545,6.91,0.23,600.67
"Efavirenz 600mg, tablets, 30 Tabs","Efavirenz 600mg, tablets, 30 Tabs",600mg,30,1131,Weight Captured Separately,15.45,0.52,21.61
"Didanosine 400mg, delayed-release capsules, 30 Caps","Didanosine 400mg, delayed-release capsules, 30 Caps",400mg,30,1680,131,20,0.67,47.11
"Sulfadoxine/Pyrimethamine 500/25mg, tablets, 1000 Tabs","Sulfadoxine/Pyrimethamine 500/25mg, tablets, 1000 Tabs",500/25mg,1000,26,21,36,0.04,1.1
"Lopinavir/Ritonavir 200/50mg [Aluvia], tablets, 120 Tabs","Lopinavir/Ritonavir 200/50mg [Aluvia], tablets, 120 Tabs",200/50mg,120,3885,930,60.82,0.51,292.29
"Didanosine 250mg, delayed-release capsules, 30 Caps","Didanosine 250mg, delayed-release capsules, 30 Caps",250mg,30,5100,319,13,0.43,109.4
"Raltegravir 400mg [Isentress], tablets, 60 Tabs","Raltegravir 400mg [Isentress], tablets, 60 Tabs",400mg,60,63,7,91.5,1.52,12.43
"Lamivudine/Zidovudine 30/60mg, dispersible tablets, 60 Tabs","Lamivudine/Zidovudine 30/60mg, dispersible tablets, 60 Tabs",30/60mg,60,2550,199,1.99,0.03,5.22
"HIV 1/2, Determine Complete HIV Kit, 100 Tests","HIV 1/2, Determine Complete HIV Kit, 100 Tests",,100,70,33,89,0.89,10.28
"Lamivudine/Zidovudine 150/300mg, tablets, 60 Tabs","Lamivudine/Zidovudine 150/300mg, tablets, 60 Tabs",150/300mg,60,17240,1496,7.65,0.13,184.9
"Lamivudine 150mg, tablets, 60 Tabs","Lamivudine 150mg, tablets, 60 Tabs",150mg,60,146,Weight Captured Separately,6.61,0.11,0.99
"Lopinavir/Ritonavir 200/50mg, tablets, 120 Tabs","Lopinavir/Ritonavir 200/50mg, tablets, 120 Tabs",200/50mg,120,7634,2386,34.3,0.29,564.54
"Lamivudine 150mg, tablets, 60 Tabs","Lamivudine 150mg, tablets, 60 Tabs",150mg,60,45359,2773,1.85,0.03,103.8
"Nevirapine 200mg, tablets, 60 Tabs","Nevirapine 200mg, tablets, 60 Tabs",200mg,60,69125,7346,2.79,0.05,415.8
"Lamivudine 150mg, tablets, 60 Tabs","Lamivudine 150mg, tablets, 60 Tabs",150mg,60,265,Weight Captured Separately,9.85,0.16,3.23
"Stavudine 1mg/ml, powder for oral solution, 200 ml","Stavudine 1mg/ml, powder for oral solution, 200 ml",1mg/ml,200,300,Weight Captured Separately,2.51,0.01,1.48
"HIV 1/2, Determine Complete HIV Kit, 100 Tests","HIV 1/2, Determine Complete HIV Kit, 100 Tests",,100,2906,1204,80,0.8,287.58
"HIV 1/2, Bioline 3.0 Kit, (no accessories), 30 Tests","HIV 1/2, Bioline 3.0 Kit, (no accessories), 30 Tests",,30,12000,3733,24,0.8,564.48
"HIV 1/2, Determine Complete HIV Kit, 100 Tests","HIV 1/2, Determine Complete HIV Kit, 100 Tests",,100,8657,4203,89,0.89,1271.28
"Lamivudine/Zidovudine 150/300mg, tablets, 60 Tabs","Lamivudine/Zidovudine 150/300mg, tablets, 60 Tabs",150/300mg,60,18456,See ASN-16470 (ID#:14279),7.08,0.12,183.2
"Abacavir 300mg, tablets, 60 Tabs","Abacavir 300mg, tablets, 60 Tabs",300mg,60,800,3002,17.5,0.29,30.18
"Nevirapine 200mg, tablets, 60 Tabs","Nevirapine 200mg, tablets, 60 Tabs",200mg,60,6000,594,2.25,0.04,16.7
"HIV, Lancet, Safety, for HIV Test kits, 100 Pcs","HIV, Lancet, Safety, for HIV Test kits, 100 Pcs",,100,156,56,5,0.05,1.29
"Efavirenz 600mg, tablets, 30 Tabs","Efavirenz 600mg, tablets, 30 Tabs",600mg,30,10000,Weight Captured Separately,17.35,0.58,340.05
"Nevirapine 200mg, tablets, 60 Tabs","Nevirapine 200mg, tablets, 60 Tabs",200mg,60,10,Weight Captured Separately,17.75,0.3,0.18
"Tenofovir Disoproxil Fumarate 300mg, tablets, 30 Tabs","Tenofovir Disoproxil Fumarate 300mg, tablets, 30 Tabs",300mg,30,3696,314,6.75,0.22,53.79
"Abacavir 300mg, tablets, 60 Tabs","Abacavir 300mg, tablets, 60 Tabs",300mg,60,900,100,11.09,0.18,10.26
"Lamivudine/Nevirapine/Zidovudine 150/200/300mg, tablets, 60 Tabs","Lamivudine/Nevirapine/Zidovudine 150/200/300mg, tablets, 60 Tabs",150/300/200mg,60,26608,3699,8.1,0.13,221.56
"Nevirapine 200mg, tablets, 60 Tabs","Nevirapine 200mg, tablets, 60 Tabs",200mg,60,171925,15683,2.26,0.04,544.75
"Didanosine 50mg [Videx], chewable tablets, 60 Tabs","Didanosine 50mg [Videx], chewable tablets, 60 Tabs",50mg,60,40,Weight Captured Separately,9.5,0.16,0.82
"Efavirenz/Lamivudine/Tenofovir Disoproxil Fumarate 600/300/300mg, tablets, 30 Tabs","Efavirenz/Lamivudine/Tenofovir Disoproxil Fumarate 600/300/300mg, tablets, 30 Tabs",600/300/300mg,30,17952,Weight Captured Separately,9.5,0.32,200.73
"Lopinavir/Ritonavir 80/20mg/ml [Kaletra], oral solution, cool, Bottle 5 x 60 ml","Lopinavir/Ritonavir 80/20mg/ml [Kaletra], oral solution, cool, Bottle 5 x 60 ml",80/20mg/ml,300,300,275,60.82,0.2,25.58
"HIV 1/2, Uni-Gold HIV Kit, 20 Tests","HIV 1/2, Uni-Gold HIV Kit, 20 Tests",,20,423,See ASN-31750 (ID#:19272),32,1.6,15.93
"Efavirenz/Lamivudine/Tenofovir Disoproxil Fumarate 600/300/300mg, tablets, 30 Tabs","Efavirenz/Lamivudine/Tenofovir Disoproxil Fumarate 600/300/300mg, tablets, 30 Tabs",600/300/300mg,30,26010,3619,10.5,0.35,280.75
"HIV 1/2, Determine Kit without Lancets, Buffer or Caplillary Tubes, 100 Tests","HIV 1/2, Determine Kit without Lancets, Buffer or Caplillary Tubes, 100 Tests",,100,1000,Weight Captured Separately,125,1.25,269.5
"Zidovudine 100mg, capsules, 100 Caps","Zidovudine 100mg, capsules, 100 Caps",100mg,100,1200,6433,4.6,0.05,7.74
"Efavirenz/Lamivudine/Tenofovir Disoproxil Fumarate 600/300/300mg, tablets, 30 Tabs","Efavirenz/Lamivudine/Tenofovir Disoproxil Fumarate 600/300/300mg, tablets, 30 Tabs",600/300/300mg,30,40000,4233,13,0.43,729.04
"Lamivudine/Nevirapine/Zidovudine 30/50/60mg, dispersible tablets, 60 Tabs","Lamivudine/Nevirapine/Zidovudine 30/50/60mg, dispersible tablets, 60 Tabs",30/50/60mg,60,1926,192,3.6,0.06,7.13
"Stavudine 20mg [Zerit], capsules, 60 Caps","Stavudine 20mg [Zerit], capsules, 60 Caps",20mg,60,4,Weight Captured Separately,5.18,0.09,0.03
"Lamivudine 150mg, tablets, 60 Tabs","Lamivudine 150mg, tablets, 60 Tabs",150mg,60,15400,2486,1.8,0.03,32.63
"HIV 1/2, Uni-Gold HIV Kit, 20 Tests","HIV 1/2, Uni-Gold HIV Kit, 20 Tests",,20,362,134,32,1.6,14.33
"HIV 1/2, Determine Complete HIV Kit, 100 Tests","HIV 1/2, Determine Complete HIV Kit, 100 Tests",,100,2788,1215,80,0.8,275.9
"Lamivudine 150mg, tablets, 60 Tabs","Lamivudine 150mg, tablets, 60 Tabs",150mg,60,238627,12045,2.37,0.04,1219.32
"Efavirenz 600mg, tablets, 30 Tabs","Efavirenz 600mg, tablets, 30 Tabs",600mg,30,60000,3862,3.19,0.11,196.76
"Capillary Tubes, for Determine, EDTA, 50uL,100 Pcs","Capillary Tubes, for Determine, EDTA, 50uL,100 Pcs",,100,1727,130,8,0.08,17.09
"Zidovudine 10mg/ml [Retrovir], oral solution, Bottle, 200 ml","Zidovudine 10mg/ml [Retrovir], oral solution, Bottle, 200 ml",10mg/ml,200,500,Weight Captured Separately,7.79,0.04,7.63
"Abacavir 20mg/ml, oral solution w/syringe, Bottle, 240 ml","Abacavir 20mg/ml, oral solution w/syringe, Bottle, 240 ml",20mg/ml,240,255,See ASN-19520 (ID#:18405),6.83,0.03,2.15
"HIV 1/2, Bioline 3.0 Kit, (no accessories), 30 Tests","HIV 1/2, Bioline 3.0 Kit, (no accessories), 30 Tests",,30,1700,604,24,0.8,87.96
"Abacavir 300mg, tablets, 60 Tabs","Abacavir 300mg, tablets, 60 Tabs",300mg,60,270,358,15,0.25,8.73
"Emtricitabine/Tenofovir Disoproxil Fumarate 200/300mg, tablets, 30 Tabs","Emtricitabine/Tenofovir Disoproxil Fumarate 200/300mg, tablets, 30 Tabs",200/300mg,30,3,Weight Captured Separately,30.21,1.01,0.09
"Didanosine 250mg, delayed-release capsules, 30 Caps","Didanosine 250mg, delayed-release capsules, 30 Caps",250mg,30,677,46,13,0.43,10.89
"Zidovudine 300mg, tablets, 60 Tabs","Zidovudine 300mg, tablets, 60 Tabs",300mg,60,168,See ASN-8909 (ID#:19905),7.25,0.12,2.63
"HIV 1/2, Uni-Gold HIV Kit, 20 Tests","HIV 1/2, Uni-Gold HIV Kit, 20 Tests",,20,3750,1072,32,1.6,198
"Lamivudine/Nevirapine/Zidovudine 150/200/300mg, tablets, 60 Tabs","Lamivudine/Nevirapine/Zidovudine 150/200/300mg, tablets, 60 Tabs",150/300/200mg,60,42452,5753,8.1,0.13,425.36
"Didanosine 250mg, delayed-release capsules, 30 Caps","Didanosine 250mg, delayed-release capsules, 30 Caps",250mg,30,7,Weight Captured Separately,15.1,0.5,0.13
"Efavirenz 600mg, tablets, 30 Tabs","Efavirenz 600mg, tablets, 30 Tabs",600mg,30,154,Weight Captured Separately,11.27,0.38,1.78
"Lopinavir/Ritonavir 80/20mg/ml [Kaletra], oral solution, cool, Bottle 5 x 60 ml","Lopinavir/Ritonavir 80/20mg/ml [Kaletra], oral solution, cool, Bottle 5 x 60 ml",80/20mg/ml,300,2502,2364,36.16,0.12,195.06
"Ritonavir 100mg [Norvir], film coated tablets, 60 Tabs","Ritonavir 100mg [Norvir], film coated tablets, 60 Tabs",100mg,60,295,36,6.85,0.11,2.5
"Lopinavir/Ritonavir 100/25mg [Aluvia], tablets, 60 Tabs","Lopinavir/Ritonavir 100/25mg [Aluvia], tablets, 60 Tabs",100/25mg,60,546,See ASN-27718 (ID#:24358),5.94,0.1,3.33
"HIV 1/2, Determine Complete HIV Kit, 100 Tests","HIV 1/2, Determine Complete HIV Kit, 100 Tests",,100,2845,1239,80,0.8,281.54
"Didanosine 50mg [Videx], chewable tablets, 60 Tabs","Didanosine 50mg [Videx], chewable tablets, 60 Tabs",50mg,60,300,Weight Captured Separately,9.5,0.16,5.59
"Abacavir 300mg, tablets, 60 Tabs","Abacavir 300mg, tablets, 60 Tabs",300mg,60,200,22,15.74,0.26,6.79
"Didanosine 400mg, delayed-release capsules, 30 Caps","Didanosine 400mg, delayed-release capsules, 30 Caps",400mg,30,1008,213,20,0.67,28.26
"Zidovudine 10mg/ml, oral solution, Bottle, 240 ml","Zidovudine 10mg/ml, oral solution, Bottle, 240 ml",10mg/ml,240,1992,777,2.1,0.01,9.02
"Lamivudine 150mg, tablets, 60 Tabs","Lamivudine 150mg, tablets, 60 Tabs",150mg,60,1440,99,1.8,0.03,2.66
"Nevirapine 200mg, tablets, 60 Tabs","Nevirapine 200mg, tablets, 60 Tabs",200mg,60,26441,2520,2.25,0.04,83.41
"HIV 1/2, Determine Complete HIV Kit, 100 Tests","HIV 1/2, Determine Complete HIV Kit, 100 Tests",,100,5500,14938,80,0.8,616.88
"HIV, Lancet, Safety, for HIV Test kits, 100 Pcs","HIV, Lancet, Safety, for HIV Test kits, 100 Pcs",,100,864,See ASN-20242 (ID#:29951),5,0.05,5.34
"Nevirapine 200mg, tablets, 60 Tabs","Nevirapine 200mg, tablets, 60 Tabs",200mg,60,12,Weight Captured Separately,17.75,0.3,0.22
"Nevirapine 200mg, tablets, 60 Tabs","Nevirapine 200mg, tablets, 60 Tabs",200mg,60,4065,497,2.6,0.04,22.79
"HIV 1/2, Determine Complete HIV Kit, 100 Tests","HIV 1/2, Determine Complete HIV Kit, 100 Tests",,100,184,84,80,0.8,20.64
"HIV 1/2, Determine Complete HIV Kit, 100 Tests","HIV 1/2, Determine Complete HIV Kit, 100 Tests",,100,4000,1740,100,1,494.8
"HIV 1/2, Determine Complete HIV Kit, 100 Tests","HIV 1/2, Determine Complete HIV Kit, 100 Tests",,100,695,351,89,0.89,86.72
"HIV 1/2, Uni-Gold HIV Kit, 20 Tests","HIV 1/2, Uni-Gold HIV Kit, 20 Tests",,20,4500,1353,32,1.6,178.13
"HIV 1/2, Determine Complete HIV Kit, 100 Tests","HIV 1/2, Determine Complete HIV Kit, 100 Tests",,100,90,Weight Captured Separately,89,0.89,9.43
"Ritonavir 100mg [Norvir], film coated tablets, 60 Tabs","Ritonavir 100mg [Norvir], film coated tablets, 60 Tabs",100mg,60,240,30,6.85,0.11,2.03
"HIV 1/2/O, First Response HIV 1-2.0, v.3.0 Cards Kit, 30 Tests","HIV 1/2/O, First Response HIV 1-2.0, v.3.0 Cards Kit, 30 Tests",,30,50,18,23.4,0.78,1.64
"Stavudine 1mg/ml, powder for oral solution, 200 ml","Stavudine 1mg/ml, powder for oral solution, 200 ml",1mg/ml,200,500,Weight Captured Separately,2.74,0.01,2.68
"HIV 1/2, Determine Complete HIV Kit, 100 Tests","HIV 1/2, Determine Complete HIV Kit, 100 Tests",,100,10,5,80,0.8,1.72
"HIV 1/2, Determine Complete HIV Kit, 100 Tests","HIV 1/2, Determine Complete HIV Kit, 100 Tests",,100,6314,2561,80,0.8,519.26
"HIV 1/2, Uni-Gold HIV Kit, 20 Tests","HIV 1/2, Uni-Gold HIV Kit, 20 Tests",,20,240,83,32,1.6,12.67
"Abacavir 300mg, tablets, 60 Tabs","Abacavir 300mg, tablets, 60 Tabs",300mg,60,45,Weight Captured Separately,26.11,0.44,1.45
"HIV 1/2, Uni-Gold HIV Kit, 20 Tests","HIV 1/2, Uni-Gold HIV Kit, 20 Tests",,20,24510,8273,32,1.6,1099.62
"HIV 1/2, Determine Complete HIV Kit, 100 Tests","HIV 1/2, Determine Complete HIV Kit, 100 Tests",,100,9347,3090,89,0.89,1029.04
"Lamivudine/Tenofovir Disoproxil Fumarate 300/300mg, tablets, 30 Tabs","Lamivudine/Tenofovir Disoproxil Fumarate 300/300mg, tablets, 30 Tabs",300/300mg,30,38208,4289,4.71,0.16,252.3
"Efavirenz 200mg, capsule, 90 Caps","Efavirenz 200mg, capsule, 90 Caps",200mg,90,10,Weight Captured Separately,18.25,0.2,0.19
"HIV 1/2, Determine Complete HIV Kit, 100 Tests","HIV 1/2, Determine Complete HIV Kit, 100 Tests",,100,2700,1304,72,0.72,419.13
"HIV 1/2, Determine Complete HIV Kit, 100 Tests","HIV 1/2, Determine Complete HIV Kit, 100 Tests",,100,2604,1239,80,0.8,343.73
"Abacavir 300mg, tablets, 60 Tabs","Abacavir 300mg, tablets, 60 Tabs",300mg,60,632,4669,13,0.22,11.52
"HIV 1/2, Determine Complete HIV Kit, 100 Tests","HIV 1/2, Determine Complete HIV Kit, 100 Tests",,100,614,295,89,0.89,76.61
"Efavirenz 600mg, tablets, 30 Tabs","Efavirenz 600mg, tablets, 30 Tabs",600mg,30,40135,3764,4.67,0.16,404.1
"Efavirenz 600mg, tablets, 30 Tabs","Efavirenz 600mg, tablets, 30 Tabs",600mg,30,2700,Weight Captured Separately,19.36,0.65,112.72
"Emtricitabine/Tenofovir Disoproxil Fumarate 200/300mg, tablets, 30 Tabs","Emtricitabine/Tenofovir Disoproxil Fumarate 200/300mg, tablets, 30 Tabs",200/300mg,30,12,Weight Captured Separately,21.83,0.73,0.27
"HIV 1/2, Uni-Gold HIV Kit, 20 Tests","HIV 1/2, Uni-Gold HIV Kit, 20 Tests",,20,873,296,32,1.6,46.09
"Lamivudine 150mg, tablets, 60 Tabs","Lamivudine 150mg, tablets, 60 Tabs",150mg,60,564,Weight Captured Separately,9.76,0.16,6.81
"Efavirenz 200mg, capsule, 90 Caps","Efavirenz 200mg, capsule, 90 Caps",200mg,90,40,Weight Captured Separately,32.58,0.36,2.81
"Lopinavir/Ritonavir 200/50mg, tablets, 120 Tabs","Lopinavir/Ritonavir 200/50mg, tablets, 120 Tabs",200/50mg,120,9242,2373,35,0.29,533.73
"Didanosine 25mg [Videx], chewable tablets, 60 Tabs","Didanosine 25mg [Videx], chewable tablets, 60 Tabs",25mg,60,747,169,7,0.12,6.47
"HIV 1/2, Determine Complete HIV Kit, 100 Tests","HIV 1/2, Determine Complete HIV Kit, 100 Tests",,100,1250,600,80,0.8,165
"Lamivudine/Nevirapine/Zidovudine 30/50/60mg, dispersible tablets, 60 Tabs","Lamivudine/Nevirapine/Zidovudine 30/50/60mg, dispersible tablets, 60 Tabs",30/50/60mg,60,813,60,3.5,0.06,3.35
"HIV 1/2, Determine Complete HIV Kit, 100 Tests","HIV 1/2, Determine Complete HIV Kit, 100 Tests",,100,105,49,89,0.89,15.42
"Efavirenz/Lamivudine/Tenofovir Disoproxil Fumarate 600/300/300mg, tablets, 30 Tabs","Efavirenz/Lamivudine/Tenofovir Disoproxil Fumarate 600/300/300mg, tablets, 30 Tabs",600/300/300mg,30,22232,2510,10.15,0.34,231.97
"Atazanavir/Ritonavir 300/100mg, tablets, 30 Tabs","Atazanavir/Ritonavir 300/100mg, tablets, 30 Tabs",300/100mg,30,16585,Weight Captured Separately,18,0.6,306.89
"Nevirapine 10mg/ml, oral suspension w/syringe, Bottle, 240 ml","Nevirapine 10mg/ml, oral suspension w/syringe, Bottle, 240 ml",10mg/ml,240,9630,3732,3.15,0.01,65.4
"Ritonavir 100mg [Norvir], film coated tablets, 30 Tabs","Ritonavir 100mg [Norvir], film coated tablets, 30 Tabs",100mg,30,429,43,23.26,0.78,12.34
"HIV 1/2, Genie III Kit, 50 Tests","HIV 1/2, Genie III Kit, 50 Tests",,50,30,19,99.4,1.99,3.07
"HIV 1/2, Uni-Gold HIV Kit, 20 Tests","HIV 1/2, Uni-Gold HIV Kit, 20 Tests",,20,875,292,32,1.6,34.64
"HIV 1/2, Determine HIV Kit, without Lancets, 100 Tests","HIV 1/2, Determine HIV Kit, without Lancets, 100 Tests",,100,6000,1362,77.7,0.78,769.23
"HIV 1/2, Uni-Gold HIV Kit, 20 Tests","HIV 1/2, Uni-Gold HIV Kit, 20 Tests",,20,25,10,32,1.6,1.72
"Tenofovir Disoproxil Fumarate 300mg [Viread], tablets, 30 Tabs","Tenofovir Disoproxil Fumarate 300mg [Viread], tablets, 30 Tabs",300mg,30,3700,Weight Captured Separately,26.74,0.89,193.93
"Lamivudine/Nevirapine/Zidovudine 150/200/300mg, tablets, 60 Tabs","Lamivudine/Nevirapine/Zidovudine 150/200/300mg, tablets, 60 Tabs",150/300/200mg,60,18406,2571,11,0.18,334.07
"Lamivudine/Nevirapine/Zidovudine 150/200/300mg, tablets, 60 Tabs","Lamivudine/Nevirapine/Zidovudine 150/200/300mg, tablets, 60 Tabs",150/300/200mg,60,9030,1054,10.6,0.18,157.93
"HIV 1/2, Uni-Gold HIV Kit, 20 Tests","HIV 1/2, Uni-Gold HIV Kit, 20 Tests",,20,2,See ASN-24721 (ID#:13708),32,1.6,0.07
"HIV 1/2, Stat-Pak HIV, Kit, 20 Tests","HIV 1/2, Stat-Pak HIV, Kit, 20 Tests",,20,44,15,29,1.45,1.79
"Lamivudine/Nevirapine/Zidovudine 30/50/60mg, dispersible tablets, 60 Tabs","Lamivudine/Nevirapine/Zidovudine 30/50/60mg, dispersible tablets, 60 Tabs",30/50/60mg,60,13877,See ASN-14757 (ID#:30618),4.15,0.07,80.74
"Ritonavir 100mg [Norvir], film coated tablets, 60 Tabs","Ritonavir 100mg [Norvir], film coated tablets, 60 Tabs",100mg,60,3500,442,6.85,0.11,24.65
"Chase Buffer, Determine, 100 Tests, 2.5ml x 1 Vial","Chase Buffer, Determine, 100 Tests, 2.5ml x 1 Vial",,1,45,See ASN-20649 (ID#:28306),5,5,0.28
"Efavirenz 50mg, capsule, 30 Caps","Efavirenz 50mg, capsule, 30 Caps",50mg,30,9,Weight Captured Separately,3.01,0.1,0.03
"Efavirenz/Lamivudine/Tenofovir Disoproxil Fumarate 600/300/300mg, tablets, 30 Tabs","Efavirenz/Lamivudine/Tenofovir Disoproxil Fumarate 600/300/300mg, tablets, 30 Tabs",600/300/300mg,30,109350,Weight Captured Separately,9.5,0.32,1222.7
"Sulfadoxine/Pyrimethamine 500/25mg, tablets, 1000 Tabs","Sulfadoxine/Pyrimethamine 500/25mg, tablets, 1000 Tabs",500/25mg,1000,1370,1125,27.3,0.03,38.45
"Lamivudine 10mg/ml, oral solution, Bottle, 240 ml","Lamivudine 10mg/ml, oral solution, Bottle, 240 ml",10mg/ml,240,4,Weight Captured Separately,6.84,0.03,0.03
"Efavirenz/Emtricitabine/Tenofovir Disoproxil Fumarate 600/200/300mg, tablets, 30 Tabs","Efavirenz/Emtricitabine/Tenofovir Disoproxil Fumarate 600/200/300mg, tablets, 30 Tabs",600/200/300mg,30,13000,3575,10.5,0.35,140.32
"Ritonavir 100mg [Norvir], film coated tablets, 30 Tabs","Ritonavir 100mg [Norvir], film coated tablets, 30 Tabs",100mg,30,100,Weight Captured Separately,23.26,0.78,2.88
"Didanosine 250mg, delayed-release capsules, 30 Caps","Didanosine 250mg, delayed-release capsules, 30 Caps",250mg,30,610,Weight Captured Separately,13.25,0.44,17.43
"Abacavir 300mg, tablets, 60 Tabs","Abacavir 300mg, tablets, 60 Tabs",300mg,60,292,30,14.49,0.24,6.98
"Abacavir 20mg/ml, oral solution w/syringe, Bottle, 240 ml","Abacavir 20mg/ml, oral solution w/syringe, Bottle, 240 ml",20mg/ml,240,35,Weight Captured Separately,27.42,0.11,1.19
"HIV 1/2, Uni-Gold HIV Kit, 20 Tests","HIV 1/2, Uni-Gold HIV Kit, 20 Tests",,20,450,146,32,1.6,17.81
"Nevirapine 200mg, tablets, 60 Tabs","Nevirapine 200mg, tablets, 60 Tabs",200mg,60,6000,638,2.72,0.05,26.93
"Zidovudine 300mg, tablets, 60 Tabs","Zidovudine 300mg, tablets, 60 Tabs",300mg,60,19,Weight Captured Separately,27.11,0.45,0.64
"Tenofovir Disoproxil Fumarate 300mg, tablets, 30 Tabs","Tenofovir Disoproxil Fumarate 300mg, tablets, 30 Tabs",300mg,30,7610,Weight Captured Separately,6.47,0.22,81.24
"Lamivudine/Tenofovir Disoproxil Fumarate 300/300mg, tablets, 30 Tabs","Lamivudine/Tenofovir Disoproxil Fumarate 300/300mg, tablets, 30 Tabs",300/300mg,30,39892,4082,4.6,0.15,226.99
"Efavirenz 600mg, tablets, 30 Tabs","Efavirenz 600mg, tablets, 30 Tabs",600mg,30,59609,4227,5.99,0.2,699.83
"Efavirenz 200mg, capsule, 90 Caps","Efavirenz 200mg, capsule, 90 Caps",200mg,90,21,Weight Captured Separately,17.04,0.19,0.37
"Efavirenz 200mg, capsule, 90 Caps","Efavirenz 200mg, capsule, 90 Caps",200mg,90,19214,See ASN-9477 (ID#:26879),9.98,0.11,413.43
"Lamivudine/Nevirapine/Zidovudine 150/200/300mg, tablets, 60 Tabs","Lamivudine/Nevirapine/Zidovudine 150/200/300mg, tablets, 60 Tabs",150/300/200mg,60,61290,7965,11.4,0.19,1506.41
"Ritonavir 100mg [Norvir], film coated tablets, 60 Tabs","Ritonavir 100mg [Norvir], film coated tablets, 60 Tabs",100mg,60,760,97,6.85,0.11,6.44
"Efavirenz 50mg, capsule, 30 Caps","Efavirenz 50mg, capsule, 30 Caps",50mg,30,1760,126,2.02,0.07,4.98
"Lamivudine 10mg/ml, oral solution w/syringe, Bottle, 240 ml","Lamivudine 10mg/ml, oral solution w/syringe, Bottle, 240 ml",10mg/ml,240,6736,See ASN-9486 (ID#:24187),2.02,0.01,29.34
"Darunavir 300mg [Prezista], tablets, 120 Tabs","Darunavir 300mg [Prezista], tablets, 120 Tabs",300mg,120,807,119,66.6,0.55,55.25
"Didanosine 250mg, delayed-release capsules, 30 Caps","Didanosine 250mg, delayed-release capsules, 30 Caps",250mg,30,6,Weight Captured Separately,17.02,0.57,0.13
"Efavirenz 600mg, tablets, 30 Tabs","Efavirenz 600mg, tablets, 30 Tabs",600mg,30,43309,5000,3.24,0.11,144.25
"Zidovudine 10mg/ml [Retrovir], solution for IV infusion injection, Vial 5 x 20 ml","Zidovudine 10mg/ml [Retrovir], solution for IV infusion injection, Vial 5 x 20 ml",10mg/ml,5,75,29,70.2,14.04,8.69
"Ritonavir 80mg/ml [Norvir], oral solution, cool, Bottle, 90 ml","Ritonavir 80mg/ml [Norvir], oral solution, cool, Bottle, 90 ml",80mg/ml,90,1,Weight Captured Separately,4.97,0.06,0.01
"Efavirenz 200mg, capsule, 90 Caps","Efavirenz 200mg, capsule, 90 Caps",200mg,90,24,Weight Captured Separately,26.37,0.29,0.78
"Lamivudine/Stavudine 150/30mg, tablets, 60 Tabs","Lamivudine/Stavudine 150/30mg, tablets, 60 Tabs",150/30mg,60,39939,2038,3.37,0.06,290.19
"Efavirenz/Lamivudine/Tenofovir Disoproxil Fumarate 600/300/300mg, tablets, 30 Tabs","Efavirenz/Lamivudine/Tenofovir Disoproxil Fumarate 600/300/300mg, tablets, 30 Tabs",600/300/300mg,30,21252,2982,10.5,0.35,276.03
"HIV 1/2, Stat-Pak Dipstick Assay Kit, 30 Tests","HIV 1/2, Stat-Pak Dipstick Assay Kit, 30 Tests",,30,5424,606,27.6,0.92,153.89
"Lamivudine/Nevirapine/Zidovudine 30/50/60mg, dispersible tablets, 60 Tabs","Lamivudine/Nevirapine/Zidovudine 30/50/60mg, dispersible tablets, 60 Tabs",30/50/60mg,60,164950,9210,3.6,0.06,610.45
"Lopinavir/Ritonavir 200/50mg [Aluvia], tablets, 120 Tabs","Lopinavir/Ritonavir 200/50mg [Aluvia], tablets, 120 Tabs",200/50mg,120,4809,1196,33.7,0.28,267.4
"Efavirenz 600mg, tablets, 30 Tabs","Efavirenz 600mg, tablets, 30 Tabs",600mg,30,27186,2321,3.24,0.11,108.96
"Didanosine 250mg, delayed-release capsules, 30 Caps","Didanosine 250mg, delayed-release capsules, 30 Caps",250mg,30,2,Weight Captured Separately,15.42,0.51,0.04
"Ritonavir 100mg [Norvir], film coated tablets, 60 Tabs","Ritonavir 100mg [Norvir], film coated tablets, 60 Tabs",100mg,60,448,68,6.85,0.11,5.06
"Lamivudine/Tenofovir Disoproxil Fumarate 300/300mg, tablets, 30 Tabs","Lamivudine/Tenofovir Disoproxil Fumarate 300/300mg, tablets, 30 Tabs",300/300mg,30,42192,4584,4.62,0.15,200.38
"HIV 1/2, Uni-Gold HIV Kit, 20 Tests","HIV 1/2, Uni-Gold HIV Kit, 20 Tests",,20,30,See ASN-26738 (ID#:15115),32,1.6,0.99
"Efavirenz/Emtricitabine/Tenofovir Disoproxil Fumarate 600/200/300mg [Atripla], tablets, 30 Tabs","Efavirenz/Emtricitabine/Tenofovir Disoproxil Fumarate 600/200/300mg [Atripla], tablets, 30 Tabs",600/200/300mg,30,6100,928,50.4,1.68,662.84
"Zidovudine 10mg/ml, oral solution, Bottle, 240 ml","Zidovudine 10mg/ml, oral solution, Bottle, 240 ml",10mg/ml,240,367,161,2,0.01,0.75
"Efavirenz 600mg, tablets, 30 Tabs","Efavirenz 600mg, tablets, 30 Tabs",600mg,30,23520,See ASN-6341 (ID#:29298),4.49,0.15,227.68
"HIV 1/2, Stat-Pak HIV, Kit, 20 Tests","HIV 1/2, Stat-Pak HIV, Kit, 20 Tests",,20,121,42,29,1.45,4.92
"HIV 1/2, SKB Colloidal Gold, Diagnostic Kit, Antibody, 50 Tests","HIV 1/2, SKB Colloidal Gold, Diagnostic Kit, Antibody, 50 Tests",,1,4050,2700,24.5,24.5,102
"Lopinavir/Ritonavir 200/50mg [Aluvia], tablets, 120 Tabs","Lopinavir/Ritonavir 200/50mg [Aluvia], tablets, 120 Tabs",200/50mg,120,300,Weight Captured Separately,60.8,0.51,21.47
"Efavirenz/Lamivudine/Tenofovir Disoproxil Fumarate 600/300/300mg, tablets, 30 Tabs","Efavirenz/Lamivudine/Tenofovir Disoproxil Fumarate 600/300/300mg, tablets, 30 Tabs",600/300/300mg,30,17760,2523,10,0.33,209.04
"HIV 1/2, Uni-Gold HIV Kit, 20 Tests","HIV 1/2, Uni-Gold HIV Kit, 20 Tests",,20,11,4,32,1.6,0.36
"Didanosine EC 400mg [Videx EC], delayed-release capsules, Blister 3 x 10 Caps","Didanosine EC 400mg [Videx EC], delayed-release capsules, Blister 3 x 10 Caps",400mg,30,110,Weight Captured Separately,27.74,0.92,5.98
"Efavirenz 600mg, tablets, 30 Tabs","Efavirenz 600mg, tablets, 30 Tabs",600mg,30,2800,953,3.5,0.12,10.07
"Didanosine 400mg, delayed-release capsules, 30 Caps","Didanosine 400mg, delayed-release capsules, 30 Caps",400mg,30,595,87,20.25,0.68,25.98
"Capillary Tubes, for Determine, EDTA, 50uL,100 Pcs","Capillary Tubes, for Determine, EDTA, 50uL,100 Pcs",,100,2,2,8,0.08,0.03
"Ritonavir 100mg [Norvir], capsules, cool, 2 x 84 Caps","Ritonavir 100mg [Norvir], capsules, cool, 2 x 84 Caps",100mg,168,346,268,144,0.86,107.42
"Zidovudine 300mg, tablets, 60 Tabs","Zidovudine 300mg, tablets, 60 Tabs",300mg,60,29402,1577,7.43,0.12,470.99
"HIV 1/2, Bioline 3.0 Kit, Lancets, Capillary pipets, Alcohol swabs included, 25 Tests","HIV 1/2, Bioline 3.0 Kit, Lancets, Capillary pipets, Alcohol swabs included, 25 Tests",,25,17,244,20,0.8,0.56
"Efavirenz 30mg/ml [Stocrin/Sustiva], oral solution, Bottle, 180 ml","Efavirenz 30mg/ml [Stocrin/Sustiva], oral solution, Bottle, 180 ml",30mg/ml,180,525,159,16.96,0.09,19.2
"Lopinavir/Ritonavir 100/25mg [Aluvia], tablets, 60 Tabs","Lopinavir/Ritonavir 100/25mg [Aluvia], tablets, 60 Tabs",100/25mg,60,6390,733,5.94,0.1,46.95
"Tenofovir Disoproxil Fumarate 300mg, tablets, 30 Tabs","Tenofovir Disoproxil Fumarate 300mg, tablets, 30 Tabs",300mg,30,306,Weight Captured Separately,20.82,0.69,7.88
"Lamivudine 10mg/ml, oral solution, Bottle, 240 ml","Lamivudine 10mg/ml, oral solution, Bottle, 240 ml",10mg/ml,240,1905,786,1.43,0.01,2.8
"Tenofovir Disoproxil Fumarate 300mg, tablets, 30 Tabs","Tenofovir Disoproxil Fumarate 300mg, tablets, 30 Tabs",300mg,30,113000,7569,6.47,0.22,1206.33
"Efavirenz/Lamivudine/Tenofovir Disoproxil Fumarate 600/300/300mg, tablets, 30 Tabs","Efavirenz/Lamivudine/Tenofovir Disoproxil Fumarate 600/300/300mg, tablets, 30 Tabs",600/300/300mg,30,24556,3443,10.5,0.35,318.95
"Efavirenz/Lamivudine/Tenofovir Disoproxil Fumarate 600/300/300mg, tablets, 30 Tabs","Efavirenz/Lamivudine/Tenofovir Disoproxil Fumarate 600/300/300mg, tablets, 30 Tabs",600/300/300mg,30,190000,21463,11.49,0.38,2700.49
"HIV 1/2, Determine Kit without Lancets, Buffer or Caplillary Tubes, 100 Tests","HIV 1/2, Determine Kit without Lancets, Buffer or Caplillary Tubes, 100 Tests",,100,229,43,72.15,0.72,16.98
"Didanosine EC 400mg [Videx EC], delayed-release capsules, Blister 3 x 10 Caps","Didanosine EC 400mg [Videx EC], delayed-release capsules, Blister 3 x 10 Caps",400mg,30,15619,See ASN-5364 (ID#:16097),23.67,0.79,724.62
"Lamivudine/Zidovudine 150/300mg, tablets, 60 Tabs","Lamivudine/Zidovudine 150/300mg, tablets, 60 Tabs",150/300mg,60,4848,415,6.49,0.11,38.92
"Efavirenz 50mg, capsule, 30 Caps","Efavirenz 50mg, capsule, 30 Caps",50mg,30,50000,2953,2.44,0.08,201.3
"Lopinavir/Ritonavir 100/25mg [Aluvia], tablets, 60 Tabs","Lopinavir/Ritonavir 100/25mg [Aluvia], tablets, 60 Tabs",100/25mg,60,2880,335,5.94,0.1,21.16
"Efavirenz 50mg, capsule, 30 Caps","Efavirenz 50mg, capsule, 30 Caps",50mg,30,9,Weight Captured Separately,2.17,0.07,0.02
"Lopinavir/Ritonavir 200/50mg, tablets, 120 Tabs","Lopinavir/Ritonavir 200/50mg, tablets, 120 Tabs",200/50mg,120,2508,645,35,0.29,144.84
"HIV 1/2, Determine Complete HIV Kit, 100 Tests","HIV 1/2, Determine Complete HIV Kit, 100 Tests",,100,418,205,100,1,68.97
"Efavirenz 600mg, tablets, 30 Tabs","Efavirenz 600mg, tablets, 30 Tabs",600mg,30,128887,10956,4.26,0.14,905.95
"HIV 1/2, DoubleCheck Gold Kit, 20 Tests","HIV 1/2, DoubleCheck Gold Kit, 20 Tests",,20,400,96,36.52,1.83,20.48
"HIV 1/2, Determine Complete HIV Kit, 100 Tests","HIV 1/2, Determine Complete HIV Kit, 100 Tests",,100,25,Weight Captured Separately,125,1.25,3.87
"HIV 1/2, Determine Kit without Lancets, Buffer or Caplillary Tubes, 100 Tests","HIV 1/2, Determine Kit without Lancets, Buffer or Caplillary Tubes, 100 Tests",,100,120,22,72.15,0.72,12.14
"Ritonavir 100mg [Norvir], film coated tablets, 30 Tabs","Ritonavir 100mg [Norvir], film coated tablets, 30 Tabs",100mg,30,81,6,23.26,0.78,2.33
"Efavirenz/Lamivudine/Tenofovir Disoproxil Fumarate 600/300/300mg, tablets, 30 Tabs","Efavirenz/Lamivudine/Tenofovir Disoproxil Fumarate 600/300/300mg, tablets, 30 Tabs",600/300/300mg,30,46613,5245,13,0.43,849.57
"Zidovudine 300mg, tablets, 60 Tabs","Zidovudine 300mg, tablets, 60 Tabs",300mg,60,1416,See ASN-11024 (ID#:15149),7.25,0.12,16.94
"Lopinavir/Ritonavir 200/50mg [Aluvia], tablets, 120 Tabs","Lopinavir/Ritonavir 200/50mg [Aluvia], tablets, 120 Tabs",200/50mg,120,2000,499,60.82,0.51,125.05
"HIV 1/2, SKB Colloidal Gold, Diagnostic Kit, Antibody, 50 Tests","HIV 1/2, SKB Colloidal Gold, Diagnostic Kit, Antibody, 50 Tests",,1,600,434,24.5,24.5,20.61
"Nevirapine 200mg, tablets, 60 Tabs","Nevirapine 200mg, tablets, 60 Tabs",200mg,60,24000,2830,2.92,0.05,151.09
"HIV 1/2, Determine Complete HIV Kit, 100 Tests","HIV 1/2, Determine Complete HIV Kit, 100 Tests",,100,5359,2131,80,0.8,440.72
"Lamivudine/Zidovudine 150/300mg, tablets, 60 Tabs","Lamivudine/Zidovudine 150/300mg, tablets, 60 Tabs",150/300mg,60,19,Weight Captured Separately,31.19,0.52,0.61
"Emtricitabine/Tenofovir Disoproxil Fumarate 200/300mg, tablets, 30 Tabs","Emtricitabine/Tenofovir Disoproxil Fumarate 200/300mg, tablets, 30 Tabs",200/300mg,30,50,Weight Captured Separately,30.56,1.02,1.89
"Lamivudine/Nevirapine/Zidovudine 150/200/300mg, tablets, 60 Tabs","Lamivudine/Nevirapine/Zidovudine 150/200/300mg, tablets, 60 Tabs",150/300/200mg,60,33216,4516,8.11,0.14,276.92
"HIV 1/2, Determine Complete HIV Kit, 100 Tests","HIV 1/2, Determine Complete HIV Kit, 100 Tests",,100,17,See ASN-32231 (ID#:13648),80,0.8,1.6
"Tenofovir Disoproxil Fumarate 300mg, tablets, 30 Tabs","Tenofovir Disoproxil Fumarate 300mg, tablets, 30 Tabs",300mg,30,486,Weight Captured Separately,20.82,0.69,12.51
"Saquinavir 200mg [Invirase], capsules, 270 Caps","Saquinavir 200mg [Invirase], capsules, 270 Caps",200mg,270,1,Weight Captured Separately,59.67,0.22,0.06
"Abacavir/Lamivudine 600/300mg, tablets, 30 Tabs","Abacavir/Lamivudine 600/300mg, tablets, 30 Tabs",600/300mg,30,40705,3948,13.49,0.45,679.25
"#109435**HIV, OraQuick Controls Kit, 3 Vials","#109435**HIV, OraQuick Controls Kit, 3 Vials",,3,10,6,25,8.33,0.49
"Lopinavir/Ritonavir 100/25mg [Aluvia], tablets, 60 Tabs","Lopinavir/Ritonavir 100/25mg [Aluvia], tablets, 60 Tabs",100/25mg,60,5900,701,5.94,0.1,43.35
"Raltegravir 400mg [Isentress], tablets, 60 Tabs","Raltegravir 400mg [Isentress], tablets, 60 Tabs",400mg,60,30,Weight Captured Separately,65.75,1.1,2.03
"Lamivudine 10mg/ml, oral solution, Bottle, 240 ml","Lamivudine 10mg/ml, oral solution, Bottle, 240 ml",10mg/ml,240,2292,Weight Captured Separately,1.53,0.01,4.13
"Darunavir 300mg [Prezista], tablets, 120 Tabs","Darunavir 300mg [Prezista], tablets, 120 Tabs",300mg,120,76,Weight Captured Separately,76.9,0.64,7.23
"Lopinavir/Ritonavir 80/20mg/ml [Kaletra], oral solution, cool, Bottle 5 x 60 ml","Lopinavir/Ritonavir 80/20mg/ml [Kaletra], oral solution, cool, Bottle 5 x 60 ml",80/20mg/ml,300,500,632,30.82,0.1,15.84
"Abacavir 300mg, tablets, 60 Tabs","Abacavir 300mg, tablets, 60 Tabs",300mg,60,7600,782,15.98,0.27,261.84
"Nevirapine 10mg/ml [Viramune], oral suspension, Bottle, 240 ml","Nevirapine 10mg/ml [Viramune], oral suspension, Bottle, 240 ml",10mg/ml,240,212,Weight Captured Separately,12.83,0.05,3.37
"Lamivudine/Tenofovir Disoproxil Fumarate 300/300mg, tablets, 30 Tabs","Lamivudine/Tenofovir Disoproxil Fumarate 300/300mg, tablets, 30 Tabs",300/300mg,30,61209,9117,4.79,0.16,411.05
"Tenofovir Disoproxil Fumarate 300mg, tablets, 30 Tabs","Tenofovir Disoproxil Fumarate 300mg, tablets, 30 Tabs",300mg,30,4536,266,7.5,0.25,73.35
"Atazanavir/Ritonavir 300/100mg, tablets, 30 Tabs","Atazanavir/Ritonavir 300/100mg, tablets, 30 Tabs",300/100mg,30,4779,643,22.5,0.75,133.01
"HIV 1/2, Determine Complete HIV Kit, 100 Tests","HIV 1/2, Determine Complete HIV Kit, 100 Tests",,100,6227,2527,80,0.8,586.33
"Lamivudine 150mg, tablets, 60 Tabs","Lamivudine 150mg, tablets, 60 Tabs",150mg,60,3,Weight Captured Separately,6.61,0.11,0.02
"Nevirapine 10mg/ml, oral suspension, Bottle, 240 ml","Nevirapine 10mg/ml, oral suspension, Bottle, 240 ml",10mg/ml,240,3300,Weight Captured Separately,1.51,0.01,5.12
"Atazanavir/Ritonavir 300/100mg, tablets, 30 Tabs","Atazanavir/Ritonavir 300/100mg, tablets, 30 Tabs",300/100mg,30,1801,225,20,0.67,37.03
"Didanosine 2g [Videx], powder for oral solution 10mg/ml, reconstitute to 200 ml","Didanosine 2g [Videx], powder for oral solution 10mg/ml, reconstitute to 200 ml",2g,200,98,22,12.59,0.06,1.73
"Darunavir 300mg [Prezista], tablets, 120 Tabs","Darunavir 300mg [Prezista], tablets, 120 Tabs",300mg,120,95,14,92.43,0.77,14.49
"Tenofovir Disoproxil Fumarate 300mg, tablets, 30 Tabs","Tenofovir Disoproxil Fumarate 300mg, tablets, 30 Tabs",300mg,30,113000,7663,6.47,0.22,1206.33
"Abacavir/Lamivudine 60/30mg, dispersible tablets, 60 Tabs","Abacavir/Lamivudine 60/30mg, dispersible tablets, 60 Tabs",60/30mg,60,13429,Weight Captured Separately,5,0.08,79.03
"Etravirine 100mg [Intelence], tablets, 120 Tabs","Etravirine 100mg [Intelence], tablets, 120 Tabs",100mg,120,501,151,36,0.3,18.54
"Darunavir 300mg [Prezista], tablets, 120 Tabs","Darunavir 300mg [Prezista], tablets, 120 Tabs",300mg,120,120,26,66.6,0.55,9.89
"Lamivudine/Nevirapine/Zidovudine 150/200/300mg, tablets, 60 Tabs","Lamivudine/Nevirapine/Zidovudine 150/200/300mg, tablets, 60 Tabs",150/300/200mg,60,33624,Weight Captured Separately,8.1,0.13,279.98
"HIV 1/2, Clearview Complete Kit, 25 Tests","HIV 1/2, Clearview Complete Kit, 25 Tests",,25,154,87,95,3.8,15.04
"Efavirenz 600mg, tablets, 30 Tabs","Efavirenz 600mg, tablets, 30 Tabs",600mg,30,6387,Weight Captured Separately,19.05,0.64,238.46
"Lamivudine/Nevirapine/Zidovudine 150/200/300mg, tablets, 60 Tabs","Lamivudine/Nevirapine/Zidovudine 150/200/300mg, tablets, 60 Tabs",150/300/200mg,60,14142,1741,8.42,0.14,147.3
"Tenofovir Disoproxil Fumarate 300mg, tablets, 30 Tabs","Tenofovir Disoproxil Fumarate 300mg, tablets, 30 Tabs",300mg,30,6000,2490,3.55,0.12,21.9
"HIV 1/2, Determine Complete HIV Kit, 100 Tests","HIV 1/2, Determine Complete HIV Kit, 100 Tests",,100,1967,1004,80,0.8,259.64
"Tenofovir Disoproxil Fumarate 300mg, tablets, 30 Tabs","Tenofovir Disoproxil Fumarate 300mg, tablets, 30 Tabs",300mg,30,9300,See ASN-26928 (ID#:23156),3.55,0.12,33.94
"HIV 1/2, Determine Complete HIV Kit, 100 Tests","HIV 1/2, Determine Complete HIV Kit, 100 Tests",,100,2400,1043,80,0.8,269.18
"Ritonavir 100mg [Norvir], film coated tablets, 60 Tabs","Ritonavir 100mg [Norvir], film coated tablets, 60 Tabs",100mg,60,168,23,6.85,0.11,1.42
"Nevirapine 200mg, tablets, 60 Tabs","Nevirapine 200mg, tablets, 60 Tabs",200mg,60,83,Weight Captured Separately,19.58,0.33,2.01
"Didanosine 25mg [Videx], chewable tablets, 60 Tabs","Didanosine 25mg [Videx], chewable tablets, 60 Tabs",25mg,60,372,95,7,0.12,3.22
"Efavirenz 600mg, tablets, 30 Tabs","Efavirenz 600mg, tablets, 30 Tabs",600mg,30,96764,8468,4.53,0.15,945.06
"Lamivudine/Zidovudine 150/300mg, tablets, 60 Tabs","Lamivudine/Zidovudine 150/300mg, tablets, 60 Tabs",150/300mg,60,18,Weight Captured Separately,31.19,0.52,0.58
"Efavirenz/Lamivudine/Tenofovir Disoproxil Fumarate 600/300/300mg, tablets, 30 Tabs","Efavirenz/Lamivudine/Tenofovir Disoproxil Fumarate 600/300/300mg, tablets, 30 Tabs",600/300/300mg,30,38692,4707,10.74,0.36,427.19
"HIV 1/2, Determine Complete HIV Kit, 100 Tests","HIV 1/2, Determine Complete HIV Kit, 100 Tests",,100,2953,1284,80,0.8,292.23
"Stavudine 20mg [Zerit], capsules, 60 Caps","Stavudine 20mg [Zerit], capsules, 60 Caps",20mg,60,8,Weight Captured Separately,4.79,0.08,0.05
"Lamivudine 10mg/ml, oral solution, Bottle, 240 ml","Lamivudine 10mg/ml, oral solution, Bottle, 240 ml",10mg/ml,240,17,Weight Captured Separately,5.41,0.02,0.09
"Efavirenz 600mg, tablets, 30 Tabs","Efavirenz 600mg, tablets, 30 Tabs",600mg,30,18854,1146,4.1,0.14,127.55
"Lamivudine 150mg, tablets, 60 Tabs","Lamivudine 150mg, tablets, 60 Tabs",150mg,60,65,Weight Captured Separately,6.61,0.11,0.44
"Lopinavir/Ritonavir 100/25mg [Aluvia], tablets, 60 Tabs","Lopinavir/Ritonavir 100/25mg [Aluvia], tablets, 60 Tabs",100/25mg,60,1742,208,5.94,0.1,12.8
"Lopinavir/Ritonavir 100/25mg [Aluvia], tablets, 60 Tabs","Lopinavir/Ritonavir 100/25mg [Aluvia], tablets, 60 Tabs",100/25mg,60,612,76,5.94,0.1,4.5
"Efavirenz/Lamivudine/Tenofovir Disoproxil Fumarate 600/300/300mg, tablets, 30 Tabs","Efavirenz/Lamivudine/Tenofovir Disoproxil Fumarate 600/300/300mg, tablets, 30 Tabs",600/300/300mg,30,6200,701,11.49,0.38,88.12
"Lamivudine 10mg/ml, oral solution, Bottle, 240 ml","Lamivudine 10mg/ml, oral solution, Bottle, 240 ml",10mg/ml,240,3,Weight Captured Separately,5.17,0.02,0.02
"Abacavir 20mg/ml [Ziagen], oral solution, Bottle, 240 ml","Abacavir 20mg/ml [Ziagen], oral solution, Bottle, 240 ml",20mg/ml,240,80884,Weight Captured Separately,15.08,0.06,2629.74
"HIV, OraQuick Controls Kit, 3 Vials","HIV, OraQuick Controls Kit, 3 Vials",,1,41,Weight Captured Separately,25,25,1.27
"Didanosine 400mg, delayed-release capsules, 30 Caps","Didanosine 400mg, delayed-release capsules, 30 Caps",400mg,30,3,Weight Captured Separately,19.68,0.66,0.06
"Lamivudine/Nevirapine/Zidovudine 150/200/300mg, tablets, 60 Tabs","Lamivudine/Nevirapine/Zidovudine 150/200/300mg, tablets, 60 Tabs",150/300/200mg,60,38515,4892,8.13,0.14,387.34
"Tenofovir Disoproxil Fumarate 300mg, tablets, 30 Tabs","Tenofovir Disoproxil Fumarate 300mg, tablets, 30 Tabs",300mg,30,70331,6564,6.65,0.22,771.71
"Efavirenz/Lamivudine/Tenofovir Disoproxil Fumarate 600/300/300mg, tablets, 30 Tabs","Efavirenz/Lamivudine/Tenofovir Disoproxil Fumarate 600/300/300mg, tablets, 30 Tabs",600/300/300mg,30,22752,3195,10.5,0.35,245.59
"Tenofovir Disoproxil Fumarate 300mg, tablets, 30 Tabs","Tenofovir Disoproxil Fumarate 300mg, tablets, 30 Tabs",300mg,30,150000,10151,6.86,0.23,1697.85
"Lamivudine/Zidovudine 150/300mg, tablets, 60 Tabs","Lamivudine/Zidovudine 150/300mg, tablets, 60 Tabs",150/300mg,60,25687,2184,6.49,0.11,171.38
"HIV 1/2, Uni-Gold HIV Kit, 20 Tests","HIV 1/2, Uni-Gold HIV Kit, 20 Tests",,20,25,See ASN-29503 (ID#:13571),32,1.6,0.82
"Efavirenz 600mg, tablets, 30 Tabs","Efavirenz 600mg, tablets, 30 Tabs",600mg,30,60,Weight Captured Separately,15.6,0.52,0.96
"Didanosine 25mg [Videx], chewable tablets, 60 Tabs","Didanosine 25mg [Videx], chewable tablets, 60 Tabs",25mg,60,120,29,7,0.12,1.65
"Zidovudine 300mg, tablets, 60 Tabs","Zidovudine 300mg, tablets, 60 Tabs",300mg,60,16820,2993,5.43,0.09,112.98
"Efavirenz/Emtricitabine/Tenofovir Disoproxil Fumarate 600/200/300mg, tablets, 30 Tabs","Efavirenz/Emtricitabine/Tenofovir Disoproxil Fumarate 600/200/300mg, tablets, 30 Tabs",600/200/300mg,30,57727,6349,19.9,0.66,2476.74
"Atazanavir/Ritonavir 300/100mg, tablets, 30 Tabs","Atazanavir/Ritonavir 300/100mg, tablets, 30 Tabs",300/100mg,30,1000,132,18,0.6,21.19
"Lamivudine 150mg, tablets, 60 Tabs","Lamivudine 150mg, tablets, 60 Tabs",150mg,60,4500,277,2.59,0.04,22.84
"HIV 1/2, Uni-Gold HIV Kit, 20 Tests","HIV 1/2, Uni-Gold HIV Kit, 20 Tests",,20,84,33,32,1.6,2.76
"Lamivudine/Zidovudine 150/300mg, tablets, 60 Tabs","Lamivudine/Zidovudine 150/300mg, tablets, 60 Tabs",150/300mg,60,9789,1585,6.75,0.11,81.74
"HIV 1/2, SKB Colloidal Gold, Diagnostic Kit, Antibody, 50 Tests","HIV 1/2, SKB Colloidal Gold, Diagnostic Kit, Antibody, 50 Tests",,1,450,300,24.5,24.5,11.33
"Chase Buffer, Determine, 100 Tests, 2.5ml x 1 Vial","Chase Buffer, Determine, 100 Tests, 2.5ml x 1 Vial",,1,115,115,5,5,0.71
"Etravirine 100mg [Intelence], tablets, 120 Tabs","Etravirine 100mg [Intelence], tablets, 120 Tabs",100mg,120,1,Weight Captured Separately,27.51,0.23,0.03
"HIV 1/2, Bioline 3.0 Kit, Lancets, Capillary pipets, Alcohol swabs included, 25 Tests","HIV 1/2, Bioline 3.0 Kit, Lancets, Capillary pipets, Alcohol swabs included, 25 Tests",,25,2700,900,20.5,0.82,56.9
"HIV 1/2, Determine Complete HIV Kit, 100 Tests","HIV 1/2, Determine Complete HIV Kit, 100 Tests",,100,1900,Weight Captured Separately,80,0.8,178.9
"Lamivudine 10mg/ml, oral solution, Bottle, 240 ml","Lamivudine 10mg/ml, oral solution, Bottle, 240 ml",10mg/ml,240,6,Weight Captured Separately,5.17,0.02,0.03
"HIV 1/2, Determine Complete HIV Kit, 100 Tests","HIV 1/2, Determine Complete HIV Kit, 100 Tests",,100,90,See ASN-11528 (ID#:29347),80,0.8,11.88
"Ritonavir 100mg [Norvir], capsules, cool, 4 x 84 Caps","Ritonavir 100mg [Norvir], capsules, cool, 4 x 84 Caps",100mg,336,36,111,206.51,0.61,12.27
"HIV 1/2, Determine Complete HIV Kit, 100 Tests","HIV 1/2, Determine Complete HIV Kit, 100 Tests",,100,350,104,80,0.8,60.37
"Lamivudine 150mg [Epivir], tablets, 60 Tabs","Lamivudine 150mg [Epivir], tablets, 60 Tabs",150mg,60,2500,Weight Captured Separately,5.98,0.1,32.21
"HIV 1/2, Determine Complete HIV Kit, 100 Tests","HIV 1/2, Determine Complete HIV Kit, 100 Tests",,100,5486,2224,80,0.8,451.17
"Lamivudine 150mg, tablets, 60 Tabs","Lamivudine 150mg, tablets, 60 Tabs",150mg,60,5600,See ASN-7485 (ID#:30256),2.35,0.04,28.37
"HIV 1/2, Determine Complete HIV Kit, 100 Tests","HIV 1/2, Determine Complete HIV Kit, 100 Tests",,100,3176,1288,89,0.89,290.58
"Tenofovir Disoproxil Fumarate 300mg, tablets, 30 Tabs","Tenofovir Disoproxil Fumarate 300mg, tablets, 30 Tabs",300mg,30,3,Weight Captured Separately,19.12,0.64,0.06
"HIV 1/2, Determine Complete HIV Kit, 100 Tests","HIV 1/2, Determine Complete HIV Kit, 100 Tests",,100,1270,635,72,0.72,197.14
"Abacavir/Lamivudine/Zidovudine 300/150/300mg, tablets, 60 Tabs","Abacavir/Lamivudine/Zidovudine 300/150/300mg, tablets, 60 Tabs",300/150/300mg,60,2432,403,30,0.5,120.38
"Atazanavir 150mg [Reyataz], capsules, 60 Caps","Atazanavir 150mg [Reyataz], capsules, 60 Caps",150mg,60,2,Weight Captured Separately,25.68,0.43,0.06
"Efavirenz 600mg, tablets, 30 Tabs","Efavirenz 600mg, tablets, 30 Tabs",600mg,30,33144,1874,3.19,0.11,108.69
"Lamivudine/Zidovudine 150/300mg, tablets, 60 Tabs","Lamivudine/Zidovudine 150/300mg, tablets, 60 Tabs",150/300mg,60,7760,675,7.65,0.13,83.23
"HIV 1/2, Uni-Gold HIV Kit, 20 Tests","HIV 1/2, Uni-Gold HIV Kit, 20 Tests",,20,5,See ASN-26738 (ID#:15115),32,1.6,0.16
"Ritonavir 100mg [Norvir], film coated tablets, 30 Tabs","Ritonavir 100mg [Norvir], film coated tablets, 30 Tabs",100mg,30,450,Weight Captured Separately,23.26,0.78,12.32
"HIV 1/2, Determine Complete HIV Kit, 100 Tests","HIV 1/2, Determine Complete HIV Kit, 100 Tests",,100,9335,3788,89,0.89,1027.72
"HIV 1/2, Bioline 3.0 Kit, (no accessories), 30 Tests","HIV 1/2, Bioline 3.0 Kit, (no accessories), 30 Tests",,30,4913,1639,24,0.8,231.11
"HIV 1/2, Determine Complete HIV Kit, 100 Tests","HIV 1/2, Determine Complete HIV Kit, 100 Tests",,100,1586,972,80,0.8,149.34
"HIV 1/2, Determine Complete HIV Kit, 100 Tests","HIV 1/2, Determine Complete HIV Kit, 100 Tests",,100,100,32,80,0.8,15.68
"Lamivudine/Zidovudine 150/300mg, tablets, 60 Tabs","Lamivudine/Zidovudine 150/300mg, tablets, 60 Tabs",150/300mg,60,8000,696,6.49,0.11,53.37
"HIV 1/2, Determine Complete HIV Kit, 100 Tests","HIV 1/2, Determine Complete HIV Kit, 100 Tests",,100,1224,588,80,0.8,161.57
"HIV 1/2, Determine Complete HIV Kit, 100 Tests","HIV 1/2, Determine Complete HIV Kit, 100 Tests",,100,212,97,80,0.8,36.57
"Efavirenz 30mg/ml [Stocrin/Sustiva], oral solution, Bottle, 180 ml","Efavirenz 30mg/ml [Stocrin/Sustiva], oral solution, Bottle, 180 ml",30mg/ml,180,4200,1234,16.96,0.09,153.58
"HIV 1/2, Uni-Gold HIV Kit, 20 Tests","HIV 1/2, Uni-Gold HIV Kit, 20 Tests",,20,27,Weight Captured Separately,32,1.6,1.02
"Lopinavir/Ritonavir 80/20mg/ml [Kaletra], oral solution, cool, Bottle 5 x 60 ml","Lopinavir/Ritonavir 80/20mg/ml [Kaletra], oral solution, cool, Bottle 5 x 60 ml",80/20mg/ml,300,30,56,30.82,0.1,1.14
"HIV 1/2, Clearview Complete Kit, 25 Tests","HIV 1/2, Clearview Complete Kit, 25 Tests",,25,50,36,95,3.8,6.66
"HIV 1/2, Determine Complete HIV Kit, 100 Tests","HIV 1/2, Determine Complete HIV Kit, 100 Tests",,100,6375,3764,89,0.89,583.26
"Didanosine 25mg [Videx], chewable tablets, 60 Tabs","Didanosine 25mg [Videx], chewable tablets, 60 Tabs",25mg,60,1515,338,7,0.12,10.9
"HIV 1/2, Determine Complete HIV Kit, 100 Tests","HIV 1/2, Determine Complete HIV Kit, 100 Tests",,100,3038,1234,89,0.89,334.46
"Lopinavir/Ritonavir 80/20mg/ml [Kaletra], oral solution, cool, Bottle 5 x 60 ml","Lopinavir/Ritonavir 80/20mg/ml [Kaletra], oral solution, cool, Bottle 5 x 60 ml",80/20mg/ml,300,184,288,30.82,0.1,7.01
"HIV 1/2, Stat-Pak HIV, Kit, 20 Tests","HIV 1/2, Stat-Pak HIV, Kit, 20 Tests",,20,6200,2328,31,1.55,226.22
"Lamivudine 150mg, tablets, 60 Tabs","Lamivudine 150mg, tablets, 60 Tabs",150mg,60,515000,23273,2.43,0.04,2064.89
"Tenofovir Disoproxil Fumarate 300mg, tablets, 30 Tabs","Tenofovir Disoproxil Fumarate 300mg, tablets, 30 Tabs",300mg,30,54245,5063,6.65,0.22,595.2
"HIV 1/2, SKB Colloidal Gold, Diagnostic Kit, Antibody, 50 Tests","HIV 1/2, SKB Colloidal Gold, Diagnostic Kit, Antibody, 50 Tests",,1,1362,970,24.5,24.5,46.78
"Nevirapine 200mg, tablets, 60 Tabs","Nevirapine 200mg, tablets, 60 Tabs",200mg,60,20,Weight Captured Separately,12.82,0.21,0.26
"Lamivudine/Zidovudine 150/300mg, tablets, 60 Tabs","Lamivudine/Zidovudine 150/300mg, tablets, 60 Tabs",150/300mg,60,215,Weight Captured Separately,32.75,0.55,8.71
"Zidovudine 100mg, capsules, 100 Caps","Zidovudine 100mg, capsules, 100 Caps",100mg,100,944,Weight Captured Separately,24,0.24,44.41
"HIV 1/2, Bioline 3.0 Kit, Lancets, Capillary pipets, Alcohol swabs included, 25 Tests","HIV 1/2, Bioline 3.0 Kit, Lancets, Capillary pipets, Alcohol swabs included, 25 Tests",,25,10000,Weight Captured Separately,20,0.8,330
"Zidovudine 100mg [Retrovir], capsules, 100 Caps","Zidovudine 100mg [Retrovir], capsules, 100 Caps",100mg,100,1056,Weight Captured Separately,16.14,0.16,33.41
"Lamivudine 10mg/ml, oral solution, Bottle, 240 ml","Lamivudine 10mg/ml, oral solution, Bottle, 240 ml",10mg/ml,240,25,Weight Captured Separately,7.39,0.03,0.23
"Efavirenz/Lamivudine/Tenofovir Disoproxil Fumarate 600/300/300mg, tablets, 30 Tabs","Efavirenz/Lamivudine/Tenofovir Disoproxil Fumarate 600/300/300mg, tablets, 30 Tabs",600/300/300mg,30,15500,1745,11.15,0.37,213.78
"Tenofovir Disoproxil Fumarate 300mg [Viread], tablets, 30 Tabs","Tenofovir Disoproxil Fumarate 300mg [Viread], tablets, 30 Tabs",300mg,30,500,Weight Captured Separately,28.56,0.95,27.99
"Abacavir 20mg/ml, oral solution, Bottle, 240 ml","Abacavir 20mg/ml, oral solution, Bottle, 240 ml",20mg/ml,240,27,Weight Captured Separately,17.71,0.07,0.49
"Efavirenz/Lamivudine/Tenofovir Disoproxil Fumarate 600/300/300mg, tablets, 30 Tabs","Efavirenz/Lamivudine/Tenofovir Disoproxil Fumarate 600/300/300mg, tablets, 30 Tabs",600/300/300mg,30,18880,2452,10.5,0.35,203.79
"Abacavir 20mg/ml, oral solution w/syringe, Bottle, 240 ml","Abacavir 20mg/ml, oral solution w/syringe, Bottle, 240 ml",20mg/ml,240,200,546,12.5,0.05,3.5
"Efavirenz/Lamivudine/Tenofovir Disoproxil Fumarate 600/300/300mg, tablets, 30 Tabs","Efavirenz/Lamivudine/Tenofovir Disoproxil Fumarate 600/300/300mg, tablets, 30 Tabs",600/300/300mg,30,17760,2516,10,0.33,209.04
"Darunavir 300mg [Prezista], tablets, 120 Tabs","Darunavir 300mg [Prezista], tablets, 120 Tabs",300mg,120,165,24,91.76,0.76,24.98
"HIV 1/2, Determine Complete HIV Kit, 100 Tests","HIV 1/2, Determine Complete HIV Kit, 100 Tests",,100,2744,1186,89,0.89,342.39
"Tenofovir Disoproxil Fumarate 300mg, tablets, 30 Tabs","Tenofovir Disoproxil Fumarate 300mg, tablets, 30 Tabs",300mg,30,504,See ASN-4871 (ID#:14331),8.25,0.28,8.15
"HIV 1/2, Determine Complete HIV Kit, 100 Tests","HIV 1/2, Determine Complete HIV Kit, 100 Tests",,100,6010,6010,89,0.89,549.87
"HIV 1/2, Determine Complete HIV Kit, 100 Tests","HIV 1/2, Determine Complete HIV Kit, 100 Tests",,100,3064,1244,89,0.89,337.32
"Etravirine 100mg [Intelence], tablets, 120 Tabs","Etravirine 100mg [Intelence], tablets, 120 Tabs",100mg,120,217,74,36,0.3,9.66
"Tenofovir Disoproxil Fumarate 300mg, tablets, 30 Tabs","Tenofovir Disoproxil Fumarate 300mg, tablets, 30 Tabs",300mg,30,30,Weight Captured Separately,13.82,0.46,0.43
"Abacavir/Lamivudine 600/300mg, scored tablets, 30 Tabs","Abacavir/Lamivudine 600/300mg, scored tablets, 30 Tabs",600/300mg,30,2245,226,23,0.77,101.2
"Ritonavir 100mg [Norvir], film coated tablets, 30 Tabs","Ritonavir 100mg [Norvir], film coated tablets, 30 Tabs",100mg,30,300,38,23.26,0.78,7.17
"Lamivudine 150mg, tablets, 60 Tabs","Lamivudine 150mg, tablets, 60 Tabs",150mg,60,19152,See ASN-6355 (ID#:16828),2.6,0.04,107.36
"Didanosine EC 400mg [Videx EC], delayed-release capsules, Blister 3 x 10 Caps","Didanosine EC 400mg [Videx EC], delayed-release capsules, Blister 3 x 10 Caps",400mg,30,600,Weight Captured Separately,26.73,0.89,31.44
"Efavirenz 600mg, tablets, 30 Tabs","Efavirenz 600mg, tablets, 30 Tabs",600mg,30,768,Weight Captured Separately,16.57,0.55,15.74
"Lamivudine 10mg/ml, oral solution, Bottle, 240 ml","Lamivudine 10mg/ml, oral solution, Bottle, 240 ml",10mg/ml,240,17,Weight Captured Separately,5.41,0.02,0.09
"Stavudine 30mg, capsules, 60 Caps","Stavudine 30mg, capsules, 60 Caps",30mg,60,440,Weight Captured Separately,3.94,0.07,1.78
"Stavudine 30mg, capsules, 60 Caps","Stavudine 30mg, capsules, 60 Caps",30mg,60,21000,1516,1.45,0.02,50.24
"Lamivudine 150mg, tablets, 60 Tabs","Lamivudine 150mg, tablets, 60 Tabs",150mg,60,75000,3755,2.49,0.04,402.63
"Ritonavir 100mg [Norvir], film coated tablets, 60 Tabs","Ritonavir 100mg [Norvir], film coated tablets, 60 Tabs",100mg,60,780,102,6.85,0.11,6.61
"Didanosine 250mg, delayed-release capsules, 30 Caps","Didanosine 250mg, delayed-release capsules, 30 Caps",250mg,30,1185,See ASN-14125 (ID#:22658),13,0.43,25.42
"Nevirapine 200mg, tablets, 60 Tabs","Nevirapine 200mg, tablets, 60 Tabs",200mg,60,8400,See ASN-28777 (ID#:22196),2.08,0.03,17.96
"Efavirenz 600mg, tablets, 30 Tabs","Efavirenz 600mg, tablets, 30 Tabs",600mg,30,69255,5887,4.51,0.15,515.36
"Lopinavir/Ritonavir 100/25mg [Aluvia], tablets, 60 Tabs","Lopinavir/Ritonavir 100/25mg [Aluvia], tablets, 60 Tabs",100/25mg,60,1764,209,5.94,0.1,12.96
"HIV 1/2, Determine Complete HIV Kit, 100 Tests","HIV 1/2, Determine Complete HIV Kit, 100 Tests",,100,5938,1022,89,0.89,740.93
"HIV 1/2, Determine Complete HIV Kit, 100 Tests","HIV 1/2, Determine Complete HIV Kit, 100 Tests",,100,3054,1241,89,0.89,279.42
"Emtricitabine/Tenofovir Disoproxil Fumarate 200/300mg, tablets, 30 Tabs","Emtricitabine/Tenofovir Disoproxil Fumarate 200/300mg, tablets, 30 Tabs",200/300mg,30,79620,7133,5.9,0.2,581.09
"Efavirenz 600mg, tablets, 30 Tabs","Efavirenz 600mg, tablets, 30 Tabs",600mg,30,53957,4565,4.67,0.16,543.27
"HIV 1/2, Determine Complete HIV Kit, 100 Tests","HIV 1/2, Determine Complete HIV Kit, 100 Tests",,100,20,10,89,0.89,2.94
"Efavirenz 50mg, capsule, 30 Caps","Efavirenz 50mg, capsule, 30 Caps",50mg,30,18,Weight Captured Separately,3.32,0.11,0.07
"Lamivudine/Zidovudine 150/300mg, tablets, 60 Tabs","Lamivudine/Zidovudine 150/300mg, tablets, 60 Tabs",150/300mg,60,19,Weight Captured Separately,21.41,0.36,0.42
"Efavirenz 600mg, tablets, 30 Tabs","Efavirenz 600mg, tablets, 30 Tabs",600mg,30,60000,3862,3.19,0.11,196.76
"Didanosine 400mg, delayed-release capsules, 30 Caps","Didanosine 400mg, delayed-release capsules, 30 Caps",400mg,30,1,Weight Captured Separately,19.68,0.66,0.02
"HIV 1/2, Determine Complete HIV Kit, 100 Tests","HIV 1/2, Determine Complete HIV Kit, 100 Tests",,100,520,252,80,0.8,68.64
"Atazanavir/Ritonavir 300/100mg, tablets, 30 Tabs","Atazanavir/Ritonavir 300/100mg, tablets, 30 Tabs",300/100mg,30,13823,1805,18,0.6,255.78
"Efavirenz 200mg, capsule, 90 Caps","Efavirenz 200mg, capsule, 90 Caps",200mg,90,59,Weight Captured Separately,26.03,0.29,1.9
"HIV 1/2, Determine Complete HIV Kit, 100 Tests","HIV 1/2, Determine Complete HIV Kit, 100 Tests",,100,2233,925,80,0.8,220.98
"HIV 1/2, DoubleCheck Gold Kit, 20 Tests","HIV 1/2, DoubleCheck Gold Kit, 20 Tests",,20,196,47,36.52,1.83,10.04
"Efavirenz/Lamivudine/Tenofovir Disoproxil Fumarate 600/300/300mg, tablets, 30 Tabs","Efavirenz/Lamivudine/Tenofovir Disoproxil Fumarate 600/300/300mg, tablets, 30 Tabs",600/300/300mg,30,76733,9268,11.15,0.37,1058.34
"Tenofovir Disoproxil Fumarate 300mg, tablets, 30 Tabs","Tenofovir Disoproxil Fumarate 300mg, tablets, 30 Tabs",300mg,30,1110,76,7.82,0.26,18.71
"Atazanavir 200mg [Reyataz], capsules, 60 Caps","Atazanavir 200mg [Reyataz], capsules, 60 Caps",200mg,60,466,69,40.62,0.68,22.28
"Nevirapine 10mg/ml, oral suspension w/syringe, Bottle, 240 ml","Nevirapine 10mg/ml, oral suspension w/syringe, Bottle, 240 ml",10mg/ml,240,19098,6876,2.26,0.01,71.22
"HIV 1/2, Uni-Gold HIV Kit, 20 Tests","HIV 1/2, Uni-Gold HIV Kit, 20 Tests",,20,137,62,32,1.6,6.15
"Lamivudine/Nevirapine/Zidovudine 150/200/300mg, tablets, 60 Tabs","Lamivudine/Nevirapine/Zidovudine 150/200/300mg, tablets, 60 Tabs",150/300/200mg,60,114996,15435,8.1,0.13,1152.23
"Tenofovir Disoproxil Fumarate 300mg, tablets, 30 Tabs","Tenofovir Disoproxil Fumarate 300mg, tablets, 30 Tabs",300mg,30,51920,3549,7.82,0.26,875.37
"Lopinavir/Ritonavir 80/20mg/ml [Kaletra], oral solution, cool, Bottle 5 x 60 ml","Lopinavir/Ritonavir 80/20mg/ml [Kaletra], oral solution, cool, Bottle 5 x 60 ml",80/20mg/ml,300,141,225,82.2,0.27,24.99
"Darunavir 300mg [Prezista], tablets, 120 Tabs","Darunavir 300mg [Prezista], tablets, 120 Tabs",300mg,120,388,68,66.6,0.55,31.97
"Lamivudine/Nevirapine/Zidovudine 150/200/300mg, tablets, 60 Tabs","Lamivudine/Nevirapine/Zidovudine 150/200/300mg, tablets, 60 Tabs",150/300/200mg,60,26598,3301,8.15,0.14,268.15
"HIV 1/2, Determine Complete HIV Kit, 100 Tests","HIV 1/2, Determine Complete HIV Kit, 100 Tests",,100,135,69,80,0.8,15.14
"Efavirenz 50mg, capsule, 30 Caps","Efavirenz 50mg, capsule, 30 Caps",50mg,30,24,Weight Captured Separately,3.01,0.1,0.07
"Tenofovir Disoproxil Fumarate 300mg, tablets, 30 Tabs","Tenofovir Disoproxil Fumarate 300mg, tablets, 30 Tabs",300mg,30,42938,4008,6.65,0.22,471.14
"Didanosine 400mg, delayed-release capsules, 30 Caps","Didanosine 400mg, delayed-release capsules, 30 Caps",400mg,30,20,Weight Captured Separately,19.49,0.65,0.48
"Abacavir/Lamivudine 60/30mg, tablets, 60 Tabs","Abacavir/Lamivudine 60/30mg, tablets, 60 Tabs",60/30mg,60,1080,See ASN-24373 (ID#:16513),3.95,0.07,5.28
"Efavirenz 600mg, tablets, 30 Tabs","Efavirenz 600mg, tablets, 30 Tabs",600mg,30,14000,1400,3.5,0.12,57.67
"Didanosine 400mg, delayed-release capsules, 30 Caps","Didanosine 400mg, delayed-release capsules, 30 Caps",400mg,30,1728,See ASN-15941 (ID#:30211),20,0.67,48.45
"Efavirenz 200mg, capsule, 90 Caps","Efavirenz 200mg, capsule, 90 Caps",200mg,90,34,Weight Captured Separately,18.25,0.2,0.64
"Tenofovir Disoproxil Fumarate 300mg, tablets, 30 Tabs","Tenofovir Disoproxil Fumarate 300mg, tablets, 30 Tabs",300mg,30,3686,255,7,0.23,55.63
"Atazanavir/Ritonavir 300/100mg, tablets, 30 Tabs","Atazanavir/Ritonavir 300/100mg, tablets, 30 Tabs",300/100mg,30,4011,Weight Captured Separately,18,0.6,74.22
"HIV 1/2, Determine Complete HIV Kit, 100 Tests","HIV 1/2, Determine Complete HIV Kit, 100 Tests",,100,168,73,80,0.8,13.82
"Efavirenz/Lamivudine/Tenofovir Disoproxil Fumarate 600/300/300mg, tablets, 30 Tabs","Efavirenz/Lamivudine/Tenofovir Disoproxil Fumarate 600/300/300mg, tablets, 30 Tabs",600/300/300mg,30,46749,7500,11.99,0.4,785.85
"Efavirenz 50mg, capsule, 30 Caps","Efavirenz 50mg, capsule, 30 Caps",50mg,30,6690,Weight Captured Separately,4.02,0.13,52.66
"HIV, Multispot HIV-1/HIV-2 Rapid Test Kit, 50 Tests","HIV, Multispot HIV-1/HIV-2 Rapid Test Kit, 50 Tests",,50,45,68,1242.53,24.85,57.48
"Nevirapine 200mg, tablets, 60 Tabs","Nevirapine 200mg, tablets, 60 Tabs",200mg,60,10000,See ASN-32258 (ID#:29880),2.16,0.04,25.42
"Efavirenz 50mg, capsule, 30 Caps","Efavirenz 50mg, capsule, 30 Caps",50mg,30,328,Weight Captured Separately,2.98,0.1,1
"Efavirenz 600mg, tablets, 30 Tabs","Efavirenz 600mg, tablets, 30 Tabs",600mg,30,17755,1505,3.25,0.11,71.38
"HIV 1/2, Uni-Gold HIV Kit, 20 Tests","HIV 1/2, Uni-Gold HIV Kit, 20 Tests",,20,44,14,32,1.6,1.74
"Efavirenz 200mg, capsule, 90 Caps","Efavirenz 200mg, capsule, 90 Caps",200mg,90,80,Weight Captured Separately,33.33,0.37,5.75
"Lamivudine/Nevirapine/Zidovudine 30/50/60mg, dispersible tablets, 60 Tabs","Lamivudine/Nevirapine/Zidovudine 30/50/60mg, dispersible tablets, 60 Tabs",30/50/60mg,60,4235,236,4.15,0.07,21.74
"HIV 1/2, Determine Complete HIV Kit, 100 Tests","HIV 1/2, Determine Complete HIV Kit, 100 Tests",,100,2996,1426,89,0.89,373.83
"Lopinavir/Ritonavir 80/20mg/ml [Kaletra], oral solution, cool, Bottle 5 x 60 ml","Lopinavir/Ritonavir 80/20mg/ml [Kaletra], oral solution, cool, Bottle 5 x 60 ml",80/20mg/ml,300,10,38,30.82,0.1,0.38
"Didanosine 400mg, delayed-release capsules, 30 Caps","Didanosine 400mg, delayed-release capsules, 30 Caps",400mg,30,16,Weight Captured Separately,21.87,0.73,0.43
"Lamivudine/Zidovudine 150/300mg, tablets, 60 Tabs","Lamivudine/Zidovudine 150/300mg, tablets, 60 Tabs",150/300mg,60,524,Weight Captured Separately,29.64,0.49,15.97
"Zidovudine 300mg, tablets, 60 Tabs","Zidovudine 300mg, tablets, 60 Tabs",300mg,60,100000,5178,7.3,0.12,1204.5
"HIV 1/2, OraQuick Advance HIV Rapid Antibody Kit, 100 Tests","HIV 1/2, OraQuick Advance HIV Rapid Antibody Kit, 100 Tests",,100,100,240,350,3.5,75.46
"Ritonavir 100mg [Norvir], capsules, cool, 4 x 84 Caps","Ritonavir 100mg [Norvir], capsules, cool, 4 x 84 Caps",100mg,336,60,170,76.72,0.23,9.92
"Lamivudine/Zidovudine 150/300mg, tablets, 60 Tabs","Lamivudine/Zidovudine 150/300mg, tablets, 60 Tabs",150/300mg,60,53010,Weight Captured Separately,6.49,0.11,353.67
"Lopinavir/Ritonavir 200/50mg, tablets, 120 Tabs","Lopinavir/Ritonavir 200/50mg, tablets, 120 Tabs",200/50mg,120,3796,1028,36,0.3,294.63
"Abacavir 300mg, tablets, 60 Tabs","Abacavir 300mg, tablets, 60 Tabs",300mg,60,3,Weight Captured Separately,49.85,0.83,0.15
"Nevirapine 200mg, tablets, 60 Tabs","Nevirapine 200mg, tablets, 60 Tabs",200mg,60,35000,2180,2.2,0.04,79.16
"Nevirapine 200mg, tablets, 60 Tabs","Nevirapine 200mg, tablets, 60 Tabs",200mg,60,35364,3793,2.72,0.05,158.71
"Nevirapine 50mg, dispersible tablets (tablets for oral suspension), 30 Tabs","Nevirapine 50mg, dispersible tablets (tablets for oral suspension), 30 Tabs",50mg,30,2438,See ASN-26559 (ID#:15240),1.25,0.04,3.13
"Tenofovir Disoproxil Fumarate 300mg, tablets, 30 Tabs","Tenofovir Disoproxil Fumarate 300mg, tablets, 30 Tabs",300mg,30,14155,1321,6.65,0.22,155.32
"HIV 1/2, Determine Complete HIV Kit, 100 Tests","HIV 1/2, Determine Complete HIV Kit, 100 Tests",,100,213,97,89,0.89,31.28
"Efavirenz/Lamivudine/Tenofovir Disoproxil Fumarate 600/300/300mg, tablets, 30 Tabs","Efavirenz/Lamivudine/Tenofovir Disoproxil Fumarate 600/300/300mg, tablets, 30 Tabs",600/300/300mg,30,17760,2523,10,0.33,209.04
"Zidovudine 300mg, tablets, 60 Tabs","Zidovudine 300mg, tablets, 60 Tabs",300mg,60,504,See ASN-9407 (ID#:17697),6.95,0.12,7.55
"HIV 1/2, Uni-Gold HIV Kit, 20 Tests","HIV 1/2, Uni-Gold HIV Kit, 20 Tests",,20,8460,2770,32,1.6,334.88
"Atazanavir/Ritonavir 300/100mg, tablets, 30 Tabs","Atazanavir/Ritonavir 300/100mg, tablets, 30 Tabs",300/100mg,30,1665,420,22.5,0.75,46.34
"Efavirenz 200mg, capsule, 90 Caps","Efavirenz 200mg, capsule, 90 Caps",200mg,90,85,Weight Captured Separately,23.36,0.26,2.46
"Ritonavir 100mg [Norvir], film coated tablets, 30 Tabs","Ritonavir 100mg [Norvir], film coated tablets, 30 Tabs",100mg,30,2240,216,3.43,0.11,16.56
"HIV 1/2, Determine Complete HIV Kit, 100 Tests","HIV 1/2, Determine Complete HIV Kit, 100 Tests",,100,1070,532,80,0.8,141.24
"Efavirenz 600mg, tablets, 30 Tabs","Efavirenz 600mg, tablets, 30 Tabs",600mg,30,39,Weight Captured Separately,11.27,0.38,0.45
"Nevirapine 200mg, tablets, 60 Tabs","Nevirapine 200mg, tablets, 60 Tabs",200mg,60,7400,730,2.25,0.04,17.12
"Abacavir 300mg, tablets, 60 Tabs","Abacavir 300mg, tablets, 60 Tabs",300mg,60,800,See ASN-30941 (ID#:32306),11.2,0.19,9.21
"HIV 1/2, Determine Complete HIV Kit, 100 Tests","HIV 1/2, Determine Complete HIV Kit, 100 Tests",,100,1500,781,80,0.8,141.24
"Zidovudine 300mg, tablets, 60 Tabs","Zidovudine 300mg, tablets, 60 Tabs",300mg,60,8366,458,7.43,0.12,134.02
"Etravirine 100mg [Intelence], tablets, 120 Tabs","Etravirine 100mg [Intelence], tablets, 120 Tabs",100mg,120,27,5,87.46,0.73,3.9
"Abacavir 20mg/ml, oral solution w/syringe, Bottle, 240 ml","Abacavir 20mg/ml, oral solution w/syringe, Bottle, 240 ml",20mg/ml,240,210,Weight Captured Separately,24.27,0.1,6.31
"Lamivudine 10mg/ml, oral solution w/syringe, Bottle, 240 ml","Lamivudine 10mg/ml, oral solution w/syringe, Bottle, 240 ml",10mg/ml,240,28,Weight Captured Separately,7.89,0.03,0.27
"HIV 1/2, Uni-Gold HIV Kit, 20 Tests","HIV 1/2, Uni-Gold HIV Kit, 20 Tests",,20,94,32,32,1.6,3.72
"HIV 1/2, Stat-Pak HIV, Kit, 20 Tests","HIV 1/2, Stat-Pak HIV, Kit, 20 Tests",,20,2483,706,27,1.35,144.54
"Tenofovir Disoproxil Fumarate 300mg, tablets, 30 Tabs","Tenofovir Disoproxil Fumarate 300mg, tablets, 30 Tabs",300mg,30,672,55,3.75,0.12,3.53
"Efavirenz 200mg, capsule, 90 Caps","Efavirenz 200mg, capsule, 90 Caps",200mg,90,12,Weight Captured Separately,22.08,0.25,0.27
"Efavirenz 200mg, capsule, 90 Caps","Efavirenz 200mg, capsule, 90 Caps",200mg,90,168,Weight Captured Separately,22.08,0.25,4.59
"Abacavir/Lamivudine 60/30mg, dispersible tablets, 60 Tabs","Abacavir/Lamivudine 60/30mg, dispersible tablets, 60 Tabs",60/30mg,60,6424,Weight Captured Separately,5,0.08,37.81
"HIV 1/2, Determine Complete HIV Kit, 100 Tests","HIV 1/2, Determine Complete HIV Kit, 100 Tests",,100,6959,1198,89,0.89,1021.93
"Stavudine 30mg, capsules, 60 Caps","Stavudine 30mg, capsules, 60 Caps",30mg,60,90,6,1.4,0.02,0.18
"HIV 1/2, Determine Complete HIV Kit, 100 Tests","HIV 1/2, Determine Complete HIV Kit, 100 Tests",,100,9308,3778,89,0.89,1024.75
"Ritonavir 100mg [Norvir], capsules, cool, 84 Caps","Ritonavir 100mg [Norvir], capsules, cool, 84 Caps",100mg,84,620,Weight Captured Separately,10.35,0.12,13.84
"Efavirenz 200mg, capsule, 90 Caps","Efavirenz 200mg, capsule, 90 Caps",200mg,90,702,See ASN-17696 (ID#:31712),4.42,0.05,4.35
"Abacavir 300mg, tablets, 60 Tabs","Abacavir 300mg, tablets, 60 Tabs",300mg,60,45,Weight Captured Separately,77.15,1.29,4.29
"Tenofovir Disoproxil Fumarate 300mg [Viread], tablets, 30 Tabs","Tenofovir Disoproxil Fumarate 300mg [Viread], tablets, 30 Tabs",300mg,30,500,Weight Captured Separately,28.21,0.94,30.41
"Lamivudine 150mg [Epivir], tablets, 60 Tabs","Lamivudine 150mg [Epivir], tablets, 60 Tabs",150mg,60,3519,Weight Captured Separately,10.87,0.18,47.31
"HIV 1/2, Uni-Gold HIV Kit, 20 Tests","HIV 1/2, Uni-Gold HIV Kit, 20 Tests",,20,1470,500,32,1.6,101.42
"Efavirenz 600mg, tablets, 30 Tabs","Efavirenz 600mg, tablets, 30 Tabs",600mg,30,21146,1301,4.1,0.14,143.05
"Lopinavir/Ritonavir 200/50mg [Aluvia], tablets, 120 Tabs","Lopinavir/Ritonavir 200/50mg [Aluvia], tablets, 120 Tabs",200/50mg,120,87,Weight Captured Separately,25.76,0.21,2.77
"HIV 1/2, Determine Complete HIV Kit, 100 Tests","HIV 1/2, Determine Complete HIV Kit, 100 Tests",,100,8586,1479,89,0.89,1647.52
"Zidovudine 300mg, tablets, 60 Tabs","Zidovudine 300mg, tablets, 60 Tabs",300mg,60,1680,389,7.5,0.12,24.7
"Efavirenz 50mg, capsule, 30 Caps","Efavirenz 50mg, capsule, 30 Caps",50mg,30,1240,71,2.02,0.07,3.51
"Lamivudine 10mg/ml, oral solution w/syringe, Bottle, 240 ml","Lamivudine 10mg/ml, oral solution w/syringe, Bottle, 240 ml",10mg/ml,240,370,2998,1.85,0.01,0.96
"Lamivudine/Tenofovir Disoproxil Fumarate 300/300mg, tablets, 30 Tabs","Lamivudine/Tenofovir Disoproxil Fumarate 300/300mg, tablets, 30 Tabs",300/300mg,30,42336,4601,4.62,0.15,201.07
"Nevirapine 200mg [Viramune], tablets, 60 Tabs","Nevirapine 200mg [Viramune], tablets, 60 Tabs",200mg,60,5000,Weight Captured Separately,20.31,0.34,199.02
"Didanosine 250mg, delayed-release capsules, 30 Caps","Didanosine 250mg, delayed-release capsules, 30 Caps",250mg,30,7,Weight Captured Separately,17.02,0.57,0.15
"Tenofovir Disoproxil Fumarate 300mg, tablets, 30 Tabs","Tenofovir Disoproxil Fumarate 300mg, tablets, 30 Tabs",300mg,30,138,Weight Captured Separately,13.82,0.46,1.96
"Efavirenz 600mg, tablets, 30 Tabs","Efavirenz 600mg, tablets, 30 Tabs",600mg,30,56352,Weight Captured Separately,3.25,0.11,215.56
"Tenofovir Disoproxil Fumarate 300mg, tablets, 30 Tabs","Tenofovir Disoproxil Fumarate 300mg, tablets, 30 Tabs",300mg,30,24,Weight Captured Separately,13.82,0.46,0.34
"Chloroquine 150mg base (as phosphate), tablets, 1000 Tabs","Chloroquine 150mg base (as phosphate), tablets, 1000 Tabs",150mg,1000,11000,5051,9.14,0.01,140.96
"Saquinavir 200mg [Invirase], capsules, 270 Caps","Saquinavir 200mg [Invirase], capsules, 270 Caps",200mg,270,448,See ASN-10816 (ID#:28664),103.52,0.38,76.52
"Atazanavir 150mg, capsules, 60 Caps","Atazanavir 150mg, capsules, 60 Caps",150mg,60,240,25,26.09,0.43,12.27
"HIV 1/2, Determine Complete HIV Kit, 100 Tests","HIV 1/2, Determine Complete HIV Kit, 100 Tests",,100,120,55,80,0.8,15.84
"Zidovudine 300mg, tablets, 60 Tabs","Zidovudine 300mg, tablets, 60 Tabs",300mg,60,66793,3458,7.3,0.12,804.52
"HIV 1/2, Determine Complete HIV Kit, 100 Tests","HIV 1/2, Determine Complete HIV Kit, 100 Tests",,100,3,1411,80,0.8,0.52
"HIV 1/2, Bioline 3.0 Diluent, 25 Tests, Bottle x 5 ml","HIV 1/2, Bioline 3.0 Diluent, 25 Tests, Bottle x 5 ml",,1,13,1,0.9,0.9,0.02
"Abacavir 20mg/ml, oral solution w/syringe, Bottle, 240 ml","Abacavir 20mg/ml, oral solution w/syringe, Bottle, 240 ml",20mg/ml,240,450,180,6.83,0.03,3.8
"Efavirenz/Lamivudine/Tenofovir Disoproxil Fumarate 600/300/300mg, tablets, 30 Tabs","Efavirenz/Lamivudine/Tenofovir Disoproxil Fumarate 600/300/300mg, tablets, 30 Tabs",600/300/300mg,30,205042,24556,11.99,0.4,3446.75
"Saquinavir 200mg [Invirase], capsules, 270 Caps","Saquinavir 200mg [Invirase], capsules, 270 Caps",200mg,270,30,Weight Captured Separately,84.75,0.31,3.15
"Didanosine 250mg, delayed-release capsules, 30 Caps","Didanosine 250mg, delayed-release capsules, 30 Caps",250mg,30,8,Weight Captured Separately,16.82,0.56,0.17
"Abacavir 60mg, dispersible tablets, 60 Tabs","Abacavir 60mg, dispersible tablets, 60 Tabs",60mg,60,741,66,5,0.08,4.58
"Abacavir 300mg, tablets, 60 Tabs","Abacavir 300mg, tablets, 60 Tabs",300mg,60,97,Weight Captured Separately,68.32,1.14,8.2
"Lopinavir/Ritonavir 80/20mg/ml [Kaletra], oral solution, cool, Bottle 5 x 60 ml","Lopinavir/Ritonavir 80/20mg/ml [Kaletra], oral solution, cool, Bottle 5 x 60 ml",80/20mg/ml,300,2,Weight Captured Separately,15.94,0.05,0.03
"HIV 1/2, Bioline 3.0 Kit, Lancets, Capillary pipets, Alcohol swabs included, 25 Tests","HIV 1/2, Bioline 3.0 Kit, Lancets, Capillary pipets, Alcohol swabs included, 25 Tests",,25,120,40,20,0.8,5.17
"Abacavir 20mg/ml, oral solution, Bottle, 240 ml","Abacavir 20mg/ml, oral solution, Bottle, 240 ml",20mg/ml,240,14,Weight Captured Separately,17.71,0.07,0.25
"HIV 1/2, Uni-Gold HIV Kit, 20 Tests","HIV 1/2, Uni-Gold HIV Kit, 20 Tests",,20,34,See ASN-31750 (ID#:19272),32,1.6,1.28
"Lamivudine/Zidovudine 30/60mg, tablets, 60 Tabs","Lamivudine/Zidovudine 30/60mg, tablets, 60 Tabs",30/60mg,60,3434,876,2.25,0.04,10.83
"HIV 1/2, Determine HIV Kit, without Lancets, 100 Tests","HIV 1/2, Determine HIV Kit, without Lancets, 100 Tests",,100,5000,1136,77.7,0.78,837.61
"Lopinavir/Ritonavir 100/25mg [Aluvia], tablets, 60 Tabs","Lopinavir/Ritonavir 100/25mg [Aluvia], tablets, 60 Tabs",100/25mg,60,6,Weight Captured Separately,6.44,0.11,0.05
"Efavirenz 600mg, tablets, 30 Tabs","Efavirenz 600mg, tablets, 30 Tabs",600mg,30,2285,Weight Captured Separately,17.67,0.59,79.14
"HIV 1/2, Uni-Gold HIV Kit, 20 Tests","HIV 1/2, Uni-Gold HIV Kit, 20 Tests",,20,286,88,32,1.6,9.41
"Lopinavir/Ritonavir 200/50mg [Aluvia], tablets, 120 Tabs","Lopinavir/Ritonavir 200/50mg [Aluvia], tablets, 120 Tabs",200/50mg,120,4165,1010,82.2,0.68,738.13
"Lamivudine 150mg, tablets, 60 Tabs","Lamivudine 150mg, tablets, 60 Tabs",150mg,60,136403,See ASN-9945 (ID#:28542),2.37,0.04,696.98
"Lamivudine 150mg, tablets, 60 Tabs","Lamivudine 150mg, tablets, 60 Tabs",150mg,60,13570,568,1.84,0.03,35.01
"Lamivudine 10mg/ml, oral solution w/syringe, Bottle, 240 ml","Lamivudine 10mg/ml, oral solution w/syringe, Bottle, 240 ml",10mg/ml,240,3184,1205,3,0.01,20.59
"HIV 1/2, Stat-Pak HIV, Kit, 20 Tests","HIV 1/2, Stat-Pak HIV, Kit, 20 Tests",,20,2825,1038,27,1.35,164.45
"Lopinavir/Ritonavir 100/25mg [Aluvia], tablets, 60 Tabs","Lopinavir/Ritonavir 100/25mg [Aluvia], tablets, 60 Tabs",100/25mg,60,41840,4528,5.94,0.1,255.49
"HIV 1/2, Determine Complete HIV Kit, 100 Tests","HIV 1/2, Determine Complete HIV Kit, 100 Tests",,100,776,See ASN-32231 (ID#:13648),80,0.8,73.07
"Lopinavir/Ritonavir 80/20mg/ml [Kaletra], oral solution, cool, Bottle 5 x 60 ml","Lopinavir/Ritonavir 80/20mg/ml [Kaletra], oral solution, cool, Bottle 5 x 60 ml",80/20mg/ml,300,1083,1257,36.16,0.12,84.43
"HIV 1/2, Determine Complete HIV Kit, 100 Tests","HIV 1/2, Determine Complete HIV Kit, 100 Tests",,100,2744,1186,89,0.89,342.39
"Nevirapine 200mg, tablets, 60 Tabs","Nevirapine 200mg, tablets, 60 Tabs",200mg,60,121,Weight Captured Separately,19.58,0.33,2.93
"HIV 1/2, Uni-Gold HIV Kit, 20 Tests","HIV 1/2, Uni-Gold HIV Kit, 20 Tests",,20,65,See ASN-31750 (ID#:19272),32,1.6,2.45
"Nevirapine 200mg, tablets, 60 Tabs","Nevirapine 200mg, tablets, 60 Tabs",200mg,60,23003,1483,2.21,0.04,62.88
"Stavudine 30mg, capsules, 60 Caps","Stavudine 30mg, capsules, 60 Caps",30mg,60,8000,Weight Captured Separately,4.62,0.08,72.46
"Tenofovir Disoproxil Fumarate 300mg, tablets, 30 Tabs","Tenofovir Disoproxil Fumarate 300mg, tablets, 30 Tabs",300mg,30,60,Weight Captured Separately,19.12,0.64,1.18
"Lopinavir/Ritonavir 200/50mg [Aluvia], tablets, 120 Tabs","Lopinavir/Ritonavir 200/50mg [Aluvia], tablets, 120 Tabs",200/50mg,120,7067,See ASN-23182 (ID#:16967),60.82,0.51,531.68
"HIV 1/2, SKB Colloidal Gold, Diagnostic Kit, Antibody, 50 Tests","HIV 1/2, SKB Colloidal Gold, Diagnostic Kit, Antibody, 50 Tests",,1,28000,18667,24.5,24.5,848.58
"Saquinavir 500mg [Invirase], tablets, 120 Tabs","Saquinavir 500mg [Invirase], tablets, 120 Tabs",500mg,120,1464,255,105.49,0.88,254.82
"Lamivudine/Nevirapine/Zidovudine 150/200/300mg, tablets, 60 Tabs","Lamivudine/Nevirapine/Zidovudine 150/200/300mg, tablets, 60 Tabs",150/300/200mg,60,10762,1485,8.1,0.13,107.83
"Tenofovir Disoproxil Fumarate 300mg, tablets, 30 Tabs","Tenofovir Disoproxil Fumarate 300mg, tablets, 30 Tabs",300mg,30,63785,4141,7.82,0.26,1075.41
"HIV 1/2, Uni-Gold HIV Kit, 20 Tests","HIV 1/2, Uni-Gold HIV Kit, 20 Tests",,20,369,113,32,1.6,12.14
"Efavirenz 600mg, tablets, 30 Tabs","Efavirenz 600mg, tablets, 30 Tabs",600mg,30,25190,2131,4.67,0.16,253.63
"Lopinavir/Ritonavir 80/20mg/ml [Kaletra], oral solution, cool, Bottle 5 x 60 ml","Lopinavir/Ritonavir 80/20mg/ml [Kaletra], oral solution, cool, Bottle 5 x 60 ml",80/20mg/ml,300,1500,1374,30.82,0.1,64.81
"Nevirapine 200mg, tablets, 60 Tabs","Nevirapine 200mg, tablets, 60 Tabs",200mg,60,1556,2113,2.6,0.04,6.68
"Lopinavir/Ritonavir 80/20mg/ml [Kaletra], oral solution, cool, Bottle 5 x 60 ml","Lopinavir/Ritonavir 80/20mg/ml [Kaletra], oral solution, cool, Bottle 5 x 60 ml",80/20mg/ml,300,1500,1374,30.82,0.1,64.81
"Tenofovir Disoproxil Fumarate 300mg, tablets, 30 Tabs","Tenofovir Disoproxil Fumarate 300mg, tablets, 30 Tabs",300mg,30,3619,338,6.91,0.23,53.92
"HIV 1/2, Determine Complete HIV Kit, 100 Tests","HIV 1/2, Determine Complete HIV Kit, 100 Tests",,100,434,169,80,0.8,35.69
"Lopinavir/Ritonavir 200/50mg [Aluvia], tablets, 120 Tabs","Lopinavir/Ritonavir 200/50mg [Aluvia], tablets, 120 Tabs",200/50mg,120,20280,5089,36.16,0.3,1209.99
"Abacavir 300mg, tablets, 60 Tabs","Abacavir 300mg, tablets, 60 Tabs",300mg,60,33,Weight Captured Separately,49.85,0.83,1.69
"Nevirapine 50mg, dispersible tablets (tablets for oral suspension), 30 Tabs","Nevirapine 50mg, dispersible tablets (tablets for oral suspension), 30 Tabs",50mg,30,2118,134,1.25,0.04,2.72
"Didanosine 250mg, delayed-release capsules, 30 Caps","Didanosine 250mg, delayed-release capsules, 30 Caps",250mg,30,5,Weight Captured Separately,15.25,0.51,0.08
"Lamivudine/Tenofovir Disoproxil Fumarate 300/300mg, tablets, 30 Tabs","Lamivudine/Tenofovir Disoproxil Fumarate 300/300mg, tablets, 30 Tabs",300/300mg,30,33936,14925,4.62,0.15,161.17
"Atazanavir/Ritonavir 300/100mg, tablets, 30 Tabs","Atazanavir/Ritonavir 300/100mg, tablets, 30 Tabs",300/100mg,30,12370,1652,19.5,0.65,283.91
"Nevirapine 200mg, tablets, 60 Tabs","Nevirapine 200mg, tablets, 60 Tabs",200mg,60,22500,2145,2.35,0.04,74.13
"HIV 1/2, Determine Complete HIV Kit, 100 Tests","HIV 1/2, Determine Complete HIV Kit, 100 Tests",,100,1133,539,80,0.8,149.56
"HIV 1/2, Bioline 3.0 Kit, Lancets, Capillary pipets, Alcohol swabs included, 25 Tests","HIV 1/2, Bioline 3.0 Kit, Lancets, Capillary pipets, Alcohol swabs included, 25 Tests",,25,2400,831,20.5,0.82,60.86
"HIV 1/2, Determine Complete HIV Kit, 100 Tests","HIV 1/2, Determine Complete HIV Kit, 100 Tests",,100,2744,1186,89,0.89,342.39
"HIV 1/2, Determine Complete HIV Kit, 100 Tests","HIV 1/2, Determine Complete HIV Kit, 100 Tests",,100,4309,2124,80,0.8,568.79
"Didanosine 400mg, delayed-release capsules, 30 Caps","Didanosine 400mg, delayed-release capsules, 30 Caps",400mg,30,7,Weight Captured Separately,19.68,0.66,0.14
"Zidovudine 100mg, capsules, 100 Caps","Zidovudine 100mg, capsules, 100 Caps",100mg,100,118,16,4.6,0.05,0.67
"Tenofovir Disoproxil Fumarate 300mg, tablets, 30 Tabs","Tenofovir Disoproxil Fumarate 300mg, tablets, 30 Tabs",300mg,30,8388,544,6.5,0.22,89.96
"HIV 1/2, Determine Complete HIV Kit, 100 Tests","HIV 1/2, Determine Complete HIV Kit, 100 Tests",,100,2917,1361,80,0.8,288.67
"Nevirapine 200mg, tablets, 60 Tabs","Nevirapine 200mg, tablets, 60 Tabs",200mg,60,96770,10536,2.72,0.05,434.3
"Lamivudine 10mg/ml, oral solution w/syringe, Bottle, 240 ml","Lamivudine 10mg/ml, oral solution w/syringe, Bottle, 240 ml",10mg/ml,240,78,Weight Captured Separately,6.7,0.03,0.65
"Lamivudine/Tenofovir Disoproxil Fumarate 300/300mg, tablets, 30 Tabs","Lamivudine/Tenofovir Disoproxil Fumarate 300/300mg, tablets, 30 Tabs",300/300mg,30,4176,426,4.6,0.15,23.76
"Zidovudine 300mg, tablets, 60 Tabs","Zidovudine 300mg, tablets, 60 Tabs",300mg,60,418,1089,5.75,0.1,2.97
"Nevirapine 50mg, dispersible tablets (tablets for oral suspension), 30 Tabs","Nevirapine 50mg, dispersible tablets (tablets for oral suspension), 30 Tabs",50mg,30,2303,143,1.25,0.04,3.39
"Ritonavir 100mg [Norvir], capsules, cool, 4 x 84 Caps","Ritonavir 100mg [Norvir], capsules, cool, 4 x 84 Caps",100mg,336,21,58,38.36,0.11,1.58
"Raltegravir 400mg [Isentress], tablets, 60 Tabs","Raltegravir 400mg [Isentress], tablets, 60 Tabs",400mg,60,786,79,55.5,0.92,53.96
"Nevirapine 200mg, tablets, 60 Tabs","Nevirapine 200mg, tablets, 60 Tabs",200mg,60,38400,4528,2.92,0.05,241.75
"Nevirapine 200mg, tablets, 60 Tabs","Nevirapine 200mg, tablets, 60 Tabs",200mg,60,38976,4117,2.25,0.04,108.48
"HIV 1/2, Uni-Gold HIV Kit, 20 Tests","HIV 1/2, Uni-Gold HIV Kit, 20 Tests",,20,625,200,32,1.6,33
"HIV 1/2, Determine Complete HIV Kit, 100 Tests","HIV 1/2, Determine Complete HIV Kit, 100 Tests",,100,5884,3435,89,0.89,538.34
"Lamivudine 150mg, tablets, 60 Tabs","Lamivudine 150mg, tablets, 60 Tabs",150mg,60,56,Weight Captured Separately,6.61,0.11,0.38
"HIV 1/2, Determine Complete HIV Kit, 100 Tests","HIV 1/2, Determine Complete HIV Kit, 100 Tests",,100,2400,978,96,0.96,236.85
"Efavirenz 600mg, tablets, 30 Tabs","Efavirenz 600mg, tablets, 30 Tabs",600mg,30,7882,472,3.23,0.11,31.49
"HIV 1/2, Uni-Gold HIV Kit, 20 Tests","HIV 1/2, Uni-Gold HIV Kit, 20 Tests",,20,10,4,32,1.6,0.53
"Zidovudine 300mg [Retrovir], tablets, 60 Tabs","Zidovudine 300mg [Retrovir], tablets, 60 Tabs",300mg,60,13,Weight Captured Separately,18.67,0.31,0.3
"Lamivudine/Nevirapine/Zidovudine 150/200/300mg, tablets, 60 Tabs","Lamivudine/Nevirapine/Zidovudine 150/200/300mg, tablets, 60 Tabs",150/300/200mg,60,55536,Weight Captured Separately,8.1,0.13,529.46
"Efavirenz/Lamivudine/Tenofovir Disoproxil Fumarate 600/300/300mg, tablets, 30 Tabs","Efavirenz/Lamivudine/Tenofovir Disoproxil Fumarate 600/300/300mg, tablets, 30 Tabs",600/300/300mg,30,16611,See ASN-18406 (ID#:14871),11.49,0.38,236.09
"HIV 1/2, Determine Complete HIV Kit, 100 Tests","HIV 1/2, Determine Complete HIV Kit, 100 Tests",,100,624,See ASN-16852 (ID#:25990),89,0.89,77.86
"Ritonavir 100mg [Norvir], film coated tablets, 30 Tabs","Ritonavir 100mg [Norvir], film coated tablets, 30 Tabs",100mg,30,100,Weight Captured Separately,23.26,0.78,2.74
"Ritonavir 100mg [Norvir], capsules, cool, 84 Caps","Ritonavir 100mg [Norvir], capsules, cool, 84 Caps",100mg,84,30,Weight Captured Separately,11,0.13,0.71
"Didanosine 250mg, delayed-release capsules, 30 Caps","Didanosine 250mg, delayed-release capsules, 30 Caps",250mg,30,599,41,13.3,0.44,17.18
"HIV 1/2, Determine Complete HIV Kit, 100 Tests","HIV 1/2, Determine Complete HIV Kit, 100 Tests",,100,2807,1360,72,0.72,435.74
"Abacavir 300mg, tablets, 60 Tabs","Abacavir 300mg, tablets, 60 Tabs",300mg,60,118,Weight Captured Separately,76.11,1.27,11.11
"Lamivudine/Nevirapine/Zidovudine 150/200/300mg, tablets, 60 Tabs","Lamivudine/Nevirapine/Zidovudine 150/200/300mg, tablets, 60 Tabs",150/300/200mg,60,33696,4262,8.29,0.14,287.16
"HIV 1/2, Uni-Gold HIV Kit, 20 Tests","HIV 1/2, Uni-Gold HIV Kit, 20 Tests",,20,35,See ASN-27241 (ID#:23488),32,1.6,1.15
"Lamivudine/Nevirapine/Zidovudine 150/200/300mg, tablets, 60 Tabs","Lamivudine/Nevirapine/Zidovudine 150/200/300mg, tablets, 60 Tabs",150/300/200mg,60,24992,3458,8.1,0.13,208.1
"Lamivudine 150mg, tablets, 60 Tabs","Lamivudine 150mg, tablets, 60 Tabs",150mg,60,960,8385,1.72,0.03,1.7
"HIV 1/2, Determine Complete HIV Kit, 100 Tests","HIV 1/2, Determine Complete HIV Kit, 100 Tests",,100,246,114,80,0.8,27.59
"Abacavir 20mg/ml [Ziagen], oral solution, Bottle, 240 ml","Abacavir 20mg/ml [Ziagen], oral solution, Bottle, 240 ml",20mg/ml,240,20000,7683,9.28,0.04,306.24
"Nevirapine 10mg/ml, oral suspension w/syringe, Bottle, 240 ml","Nevirapine 10mg/ml, oral suspension w/syringe, Bottle, 240 ml",10mg/ml,240,4000,1573,1.95,0.01,12.87
"HIV 1/2, Determine Complete HIV Kit, 100 Tests","HIV 1/2, Determine Complete HIV Kit, 100 Tests",,100,2856,1102,80,0.8,376.99
"HIV 1/2, Determine Complete HIV Kit, 100 Tests","HIV 1/2, Determine Complete HIV Kit, 100 Tests",,100,2938,1329,80,0.8,290.74
"HIV 1/2, Stat-Pak HIV, Kit, 20 Tests","HIV 1/2, Stat-Pak HIV, Kit, 20 Tests",,20,5,1,27,1.35,0.29
"HIV 1/2, SKB Colloidal Gold, Diagnostic Kit, Antibody, 50 Tests","HIV 1/2, SKB Colloidal Gold, Diagnostic Kit, Antibody, 50 Tests",,1,260,197,23,23,9.87
"HIV 1/2, Determine Complete HIV Kit, 100 Tests","HIV 1/2, Determine Complete HIV Kit, 100 Tests",,100,120,Weight Captured Separately,80,0.8,11.3
"HIV 1/2, Determine Complete HIV Kit, 100 Tests","HIV 1/2, Determine Complete HIV Kit, 100 Tests",,100,792,350,89,0.89,98.82
"Emtricitabine/Tenofovir Disoproxil Fumarate 200/300mg [Truvada], tablets, 30 Tabs","Emtricitabine/Tenofovir Disoproxil Fumarate 200/300mg [Truvada], tablets, 30 Tabs",300/200mg,30,240,Weight Captured Separately,47.9,1.6,24.78
"Abacavir 20mg/ml [Ziagen], oral solution, Bottle, 240 ml","Abacavir 20mg/ml [Ziagen], oral solution, Bottle, 240 ml",20mg/ml,240,40000,Weight Captured Separately,10.02,0.04,864.12
"Didanosine 400mg, delayed-release capsules, 30 Caps","Didanosine 400mg, delayed-release capsules, 30 Caps",400mg,30,9,Weight Captured Separately,15.27,0.51,0.14
"HIV 1/2, Uni-Gold HIV Kit, 20 Tests","HIV 1/2, Uni-Gold HIV Kit, 20 Tests",,20,12485,3655,32,1.6,470.24
"Chase Buffer, Determine, 100 Tests, 2.5ml x 1 Vial","Chase Buffer, Determine, 100 Tests, 2.5ml x 1 Vial",,1,100,Weight Captured Separately,5,5,0.59
"HIV 1/2, Stat-Pak HIV, Kit, 20 Tests","HIV 1/2, Stat-Pak HIV, Kit, 20 Tests",,20,1052,334,29,1.45,50.34
"Lamivudine 10mg/ml, oral solution w/syringe, Bottle, 240 ml","Lamivudine 10mg/ml, oral solution w/syringe, Bottle, 240 ml",10mg/ml,240,31,Weight Captured Separately,7.89,0.03,0.3
"Indinavir 400mg [Crixivan], capsules, 180 Caps","Indinavir 400mg [Crixivan], capsules, 180 Caps",400mg,180,1015,257,50,0.28,109.42
"Efavirenz 600mg, tablets, 30 Tabs","Efavirenz 600mg, tablets, 30 Tabs",600mg,30,20060,1726,4.53,0.15,195.92
"Efavirenz 200mg, capsule, 90 Caps","Efavirenz 200mg, capsule, 90 Caps",200mg,90,19271,2555,9.98,0.11,414.65
"Capillary Tubes, for Determine, EDTA, 50uL,100 Pcs","Capillary Tubes, for Determine, EDTA, 50uL,100 Pcs",,100,339,175,8,0.08,3.8
"Nevirapine 200mg, tablets, 60 Tabs","Nevirapine 200mg, tablets, 60 Tabs",200mg,60,27,Weight Captured Separately,17.75,0.3,0.49
"HIV 1/2, Stat-Pak HIV, Kit, 20 Tests","HIV 1/2, Stat-Pak HIV, Kit, 20 Tests",,20,135,47,29,1.45,5.49
"Lopinavir/Ritonavir 100/25mg [Aluvia], tablets, 60 Tabs","Lopinavir/Ritonavir 100/25mg [Aluvia], tablets, 60 Tabs",100/25mg,60,5513,640,5.94,0.1,40.51
"Lopinavir/Ritonavir 80/20mg/ml [Kaletra], oral solution, cool, Bottle 5 x 60 ml","Lopinavir/Ritonavir 80/20mg/ml [Kaletra], oral solution, cool, Bottle 5 x 60 ml",80/20mg/ml,300,5,Weight Captured Separately,23.45,0.08,0.15
"HIV 1/2, Determine Complete HIV Kit, 100 Tests","HIV 1/2, Determine Complete HIV Kit, 100 Tests",,100,3,2,80,0.8,0.3
"Zidovudine 300mg, tablets, 60 Tabs","Zidovudine 300mg, tablets, 60 Tabs",300mg,60,168,See ASN-6341 (ID#:29298),7.5,0.12,2.72
"Efavirenz 600mg, tablets, 30 Tabs","Efavirenz 600mg, tablets, 30 Tabs",600mg,30,191011,16234,4.51,0.15,1421.41
"HIV 1/2, Determine Complete HIV Kit, 100 Tests","HIV 1/2, Determine Complete HIV Kit, 100 Tests",,100,2821,1346,80,0.8,372.37
"Efavirenz 600mg, tablets, 30 Tabs","Efavirenz 600mg, tablets, 30 Tabs",600mg,30,31,4,5.99,0.2,0.36
"HIV 1/2, Determine Complete HIV Kit, 100 Tests","HIV 1/2, Determine Complete HIV Kit, 100 Tests",,100,4440,1445,89,0.89,554.01
"Abacavir 300mg, tablets, 60 Tabs","Abacavir 300mg, tablets, 60 Tabs",300mg,60,5,Weight Captured Separately,49.85,0.83,0.26
"Nevirapine 200mg, tablets, 60 Tabs","Nevirapine 200mg, tablets, 60 Tabs",200mg,60,9023,5359,2.43,0.04,47.27
"Lopinavir/Ritonavir 80/20mg/ml [Kaletra], oral solution, cool, Bottle 5 x 60 ml","Lopinavir/Ritonavir 80/20mg/ml [Kaletra], oral solution, cool, Bottle 5 x 60 ml",80/20mg/ml,300,75,120,30.82,0.1,2.38
"Nevirapine 200mg, tablets, 60 Tabs","Nevirapine 200mg, tablets, 60 Tabs",200mg,60,82075,8969,2.72,0.05,368.35
"Tenofovir Disoproxil Fumarate 300mg, tablets, 30 Tabs","Tenofovir Disoproxil Fumarate 300mg, tablets, 30 Tabs",300mg,30,116000,7965,7.03,0.23,1758.17
"Efavirenz/Lamivudine/Tenofovir Disoproxil Fumarate 600/300/300mg, tablets, 30 Tabs","Efavirenz/Lamivudine/Tenofovir Disoproxil Fumarate 600/300/300mg, tablets, 30 Tabs",600/300/300mg,30,17760,2523,10,0.33,209.04
"HIV 1/2, Determine Complete HIV Kit, 100 Tests","HIV 1/2, Determine Complete HIV Kit, 100 Tests",,100,6105,1051,89,0.89,896.52
"Indinavir 400mg [Crixivan], capsules, 180 Caps","Indinavir 400mg [Crixivan], capsules, 180 Caps",400mg,180,1000,254,50,0.28,107.8
"Lamivudine/Nevirapine/Stavudine 60/100/12mg, dispersible tablets, 60 Tabs","Lamivudine/Nevirapine/Stavudine 60/100/12mg, dispersible tablets, 60 Tabs",60/100/12mg,60,70000,5999,4.3,0.07,422
"Ritonavir 80mg/ml [Norvir], oral solution, cool, Bottle, 90 ml","Ritonavir 80mg/ml [Norvir], oral solution, cool, Bottle, 90 ml",80mg/ml,90,12,Weight Captured Separately,4.97,0.06,0.07
"HIV 1/2, Uni-Gold HIV Kit, 20 Tests","HIV 1/2, Uni-Gold HIV Kit, 20 Tests",,20,73,See ASN-31750 (ID#:19272),32,1.6,2.75
"HIV 1/2, Uni-Gold HIV Kit, 20 Tests","HIV 1/2, Uni-Gold HIV Kit, 20 Tests",,20,2653,Weight Captured Separately,32,1.6,87.27
"Didanosine 400mg, delayed-release capsules, 30 Caps","Didanosine 400mg, delayed-release capsules, 30 Caps",400mg,30,10,Weight Captured Separately,21.71,0.72,0.27
"HIV 1/2, Determine HIV Kit, without Lancets, 100 Tests","HIV 1/2, Determine HIV Kit, without Lancets, 100 Tests",,100,3000,679,77.7,0.78,502.56
"HIV 1/2, Uni-Gold HIV Kit, 20 Tests","HIV 1/2, Uni-Gold HIV Kit, 20 Tests",,20,750,248,32,1.6,39.6
"Efavirenz 600mg, tablets, 30 Tabs","Efavirenz 600mg, tablets, 30 Tabs",600mg,30,600,Weight Captured Separately,19.6,0.65,23.05
"Lamivudine/Tenofovir Disoproxil Fumarate 300/300mg, tablets, 30 Tabs","Lamivudine/Tenofovir Disoproxil Fumarate 300/300mg, tablets, 30 Tabs",300/300mg,30,8806,979,4.59,0.15,41.55
"HIV 1/2, Uni-Gold HIV Kit, 20 Tests","HIV 1/2, Uni-Gold HIV Kit, 20 Tests",,20,2360,1636,32,1.6,162.82
"HIV 1/2, ImmunoComb TriSpot Ag - Ab Kit, 36 Tests","HIV 1/2, ImmunoComb TriSpot Ag - Ab Kit, 36 Tests",,36,65,24,125,3.47,8.35
"Lamivudine 10mg/ml, oral solution, Bottle, 240 ml","Lamivudine 10mg/ml, oral solution, Bottle, 240 ml",10mg/ml,240,6047,2323,1.43,0.01,8.89
"Lamivudine/Nevirapine/Zidovudine 150/200/300mg, tablets, 60 Tabs","Lamivudine/Nevirapine/Zidovudine 150/200/300mg, tablets, 60 Tabs",150/300/200mg,60,20000,2675,10.95,0.18,361.35
"Darunavir 600mg [Prezista], tablets, 60 Tabs","Darunavir 600mg [Prezista], tablets, 60 Tabs",600mg,60,3,Weight Captured Separately,50.66,0.84,0.16
"HIV 1/2, Determine Complete HIV Kit, 100 Tests","HIV 1/2, Determine Complete HIV Kit, 100 Tests",,100,1472,638,80,0.8,145.67
"Lamivudine/Tenofovir Disoproxil Fumarate 300/300mg, tablets, 30 Tabs","Lamivudine/Tenofovir Disoproxil Fumarate 300/300mg, tablets, 30 Tabs",300/300mg,30,104000,9684,4.65,0.16,497.14
"Ritonavir 100mg [Norvir], capsules, cool, 4 x 84 Caps","Ritonavir 100mg [Norvir], capsules, cool, 4 x 84 Caps",100mg,336,300,546,38.36,0.11,22.56
"Efavirenz 50mg, capsule, 30 Caps","Efavirenz 50mg, capsule, 30 Caps",50mg,30,32080,2666,2.39,0.08,165.3
"Capillary Tubes, for Determine, EDTA, 50uL,100 Pcs","Capillary Tubes, for Determine, EDTA, 50uL,100 Pcs",,100,2,2,8,0.08,0.03
"Chase Buffer, Determine, 100 Tests, 2.5ml x 1 Vial","Chase Buffer, Determine, 100 Tests, 2.5ml x 1 Vial",,1,2000,864,5,5,12.37
"Lamivudine/Nevirapine/Zidovudine 150/200/300mg, tablets, 60 Tabs","Lamivudine/Nevirapine/Zidovudine 150/200/300mg, tablets, 60 Tabs",150/300/200mg,60,50000,6918,8.1,0.13,500.98
"Lamivudine/Zidovudine 150/300mg, tablets, 60 Tabs","Lamivudine/Zidovudine 150/300mg, tablets, 60 Tabs",150/300mg,60,225,Weight Captured Separately,26.51,0.44,7.02
"Ritonavir 100mg [Norvir], film coated tablets, 30 Tabs","Ritonavir 100mg [Norvir], film coated tablets, 30 Tabs",100mg,30,400,Weight Captured Separately,23.26,0.78,11.51
"Efavirenz/Lamivudine/Tenofovir Disoproxil Fumarate 600/300/300mg, tablets, 30 Tabs","Efavirenz/Lamivudine/Tenofovir Disoproxil Fumarate 600/300/300mg, tablets, 30 Tabs",600/300/300mg,30,720,See ASN-26927 (ID#:26612),10.5,0.35,7.77
"Sulfadoxine/Pyrimethamine 500/25mg, tablets, 1000 Tabs","Sulfadoxine/Pyrimethamine 500/25mg, tablets, 1000 Tabs",500/25mg,1000,415,329,24.16,0.02,12.4
"Lopinavir/Ritonavir 200/50mg [Aluvia], tablets, 120 Tabs","Lopinavir/Ritonavir 200/50mg [Aluvia], tablets, 120 Tabs",200/50mg,120,5200,1272,60.82,0.51,325.12
"HIV 1/2, SKB Colloidal Gold, Diagnostic Kit, Antibody, 50 Tests","HIV 1/2, SKB Colloidal Gold, Diagnostic Kit, Antibody, 50 Tests",,1,4014,2676,24.5,24.5,101.1
"HIV 1/2, Bioline 3.0 Kit, (no accessories), 30 Tests","HIV 1/2, Bioline 3.0 Kit, (no accessories), 30 Tests",,30,1600,571,24,0.8,82.79
"Lamivudine/Zidovudine 150/300mg, tablets, 60 Tabs","Lamivudine/Zidovudine 150/300mg, tablets, 60 Tabs",150/300mg,60,16800,1456,6.49,0.11,112.08
"HIV 1/2, Uni-Gold HIV Kit, 20 Tests","HIV 1/2, Uni-Gold HIV Kit, 20 Tests",,20,1400,500,32,1.6,96.59
"Zidovudine 100mg, capsules, 100 Caps","Zidovudine 100mg, capsules, 100 Caps",100mg,100,670,76,4.5,0.04,3.73
"Lopinavir/Ritonavir 100/25mg [Aluvia], tablets, 60 Tabs","Lopinavir/Ritonavir 100/25mg [Aluvia], tablets, 60 Tabs",100/25mg,60,104,18,15.21,0.25,2.22
"Lopinavir/Ritonavir 100/25mg, tablets, 60 Tabs","Lopinavir/Ritonavir 100/25mg, tablets, 60 Tabs",100/25mg,60,4250,424,8.04,0.13,40.22
"Etravirine 100mg [Intelence], tablets, 120 Tabs","Etravirine 100mg [Intelence], tablets, 120 Tabs",100mg,120,39,Weight Captured Separately,39.07,0.33,1.89
"Abacavir 300mg, tablets, 60 Tabs","Abacavir 300mg, tablets, 60 Tabs",300mg,60,31,Weight Captured Separately,49.85,0.83,1.59
"Lamivudine/Zidovudine 150/300mg, tablets, 60 Tabs","Lamivudine/Zidovudine 150/300mg, tablets, 60 Tabs",150/300mg,60,19,Weight Captured Separately,32.99,0.55,0.78
"Efavirenz 200mg, capsule, 90 Caps","Efavirenz 200mg, capsule, 90 Caps",200mg,90,8,Weight Captured Separately,17.04,0.19,0.14
"Abacavir 20mg/ml, oral solution, Bottle, 240 ml","Abacavir 20mg/ml, oral solution, Bottle, 240 ml",20mg/ml,240,8,Weight Captured Separately,17.71,0.07,0.15
"HIV 1/2, Uni-Gold HIV Kit, 20 Tests","HIV 1/2, Uni-Gold HIV Kit, 20 Tests",,20,35,191,32,1.6,1.32
"Lopinavir/Ritonavir 200/50mg [Aluvia], tablets, 120 Tabs","Lopinavir/Ritonavir 200/50mg [Aluvia], tablets, 120 Tabs",200/50mg,120,16695,4113,33.7,0.28,928.33
"Atazanavir/Ritonavir 300/100mg, tablets, 30 Tabs","Atazanavir/Ritonavir 300/100mg, tablets, 30 Tabs",300/100mg,30,28869,3865,20,0.67,593.55
"Lopinavir/Ritonavir 100/25mg [Aluvia], tablets, 60 Tabs","Lopinavir/Ritonavir 100/25mg [Aluvia], tablets, 60 Tabs",100/25mg,60,500,65,5.94,0.1,3.05
"Sulfadoxine/Pyrimethamine 500/25mg, tablets, 1000 Tabs","Sulfadoxine/Pyrimethamine 500/25mg, tablets, 1000 Tabs",500/25mg,1000,10,See ASN-13412 (ID#:16085),31.65,0.03,0.44
"Efavirenz 600mg, tablets, 30 Tabs","Efavirenz 600mg, tablets, 30 Tabs",600mg,30,52516,Weight Captured Separately,4.51,0.15,510.64
"Lamivudine/Zidovudine 30/60mg, tablets, 60 Tabs","Lamivudine/Zidovudine 30/60mg, tablets, 60 Tabs",30/60mg,60,6000,Weight Captured Separately,1.99,0.03,12.27
"HIV 1/2, Uni-Gold HIV Kit, 20 Tests","HIV 1/2, Uni-Gold HIV Kit, 20 Tests",,20,30,10,32,1.6,1.58
"Abacavir 20mg/ml, oral solution, Bottle, 240 ml","Abacavir 20mg/ml, oral solution, Bottle, 240 ml",20mg/ml,240,3,Weight Captured Separately,24.51,0.1,0.08
"Ritonavir 100mg [Norvir], film coated tablets, 30 Tabs","Ritonavir 100mg [Norvir], film coated tablets, 30 Tabs",100mg,30,128,1232,23.26,0.78,3.5
"Lopinavir/Ritonavir 80/20mg/ml [Kaletra], oral solution, cool, Bottle 5 x 60 ml","Lopinavir/Ritonavir 80/20mg/ml [Kaletra], oral solution, cool, Bottle 5 x 60 ml",80/20mg/ml,300,304,278,30.82,0.1,9.63
"HIV 1/2, Determine Complete HIV Kit, 100 Tests","HIV 1/2, Determine Complete HIV Kit, 100 Tests",,100,8563,1474,89,0.89,1643.1
"HIV 1/2, Uni-Gold HIV Kit, 20 Tests","HIV 1/2, Uni-Gold HIV Kit, 20 Tests",,20,450,See ASN-27241 (ID#:23488),32,1.6,14.8
"Darunavir 300mg [Prezista], tablets, 120 Tabs","Darunavir 300mg [Prezista], tablets, 120 Tabs",300mg,120,18,Weight Captured Separately,69.71,0.58,1.29
"Efavirenz 30mg/ml [Stocrin/Sustiva], oral solution, Bottle, 180 ml","Efavirenz 30mg/ml [Stocrin/Sustiva], oral solution, Bottle, 180 ml",30mg/ml,180,3559,1061,16.96,0.09,118.31
"Lopinavir/Ritonavir 200/50mg [Aluvia], tablets, 120 Tabs","Lopinavir/Ritonavir 200/50mg [Aluvia], tablets, 120 Tabs",200/50mg,120,2855,Weight Captured Separately,36.16,0.3,222.58
"HIV 1/2, Determine Complete HIV Kit, 100 Tests","HIV 1/2, Determine Complete HIV Kit, 100 Tests",,100,5000,2268,80,0.8,494.8
"Zidovudine 300mg, tablets, 60 Tabs","Zidovudine 300mg, tablets, 60 Tabs",300mg,60,7548,391,7.3,0.12,90.92
"Emtricitabine/Tenofovir Disoproxil Fumarate 200/300mg, tablets, 30 Tabs","Emtricitabine/Tenofovir Disoproxil Fumarate 200/300mg, tablets, 30 Tabs",200/300mg,30,334,Weight Captured Separately,33.33,1.11,13.77
"Darunavir 300mg [Prezista], tablets, 120 Tabs","Darunavir 300mg [Prezista], tablets, 120 Tabs",300mg,120,120,18,90,0.75,21.17
"HIV 1/2, Determine HIV Kit, without Lancets, 100 Tests","HIV 1/2, Determine HIV Kit, without Lancets, 100 Tests",,100,2591,994,77.7,0.78,332.18
"Nevirapine 200mg, tablets, 60 Tabs","Nevirapine 200mg, tablets, 60 Tabs",200mg,60,150000,9282,2.87,0.05,710.32
"HIV 1/2, Stat-Pak HIV, Kit, 20 Tests","HIV 1/2, Stat-Pak HIV, Kit, 20 Tests",,20,140,38,27,1.35,8.15
"HIV 1/2, SKB Colloidal Gold, Diagnostic Kit, Antibody, 50 Tests","HIV 1/2, SKB Colloidal Gold, Diagnostic Kit, Antibody, 50 Tests",,1,25004,17367,24.5,24.5,858.86
"Nevirapine 50mg, dispersible tablets (tablets for oral suspension), 30 Tabs","Nevirapine 50mg, dispersible tablets (tablets for oral suspension), 30 Tabs",50mg,30,7000,480,1.25,0.04,10.82
"Chase Buffer, Determine, 100 Tests, 2.5ml x 1 Vial","Chase Buffer, Determine, 100 Tests, 2.5ml x 1 Vial",,1,45,See ASN-31321 (ID#:30363),5,5,0.26
"Lopinavir/Ritonavir 200/50mg, tablets, 120 Tabs","Lopinavir/Ritonavir 200/50mg, tablets, 120 Tabs",200/50mg,120,10679,2709,25.5,0.21,381.78
"HIV 1/2, Determine Complete HIV Kit, 100 Tests","HIV 1/2, Determine Complete HIV Kit, 100 Tests",,100,8898,3611,80,0.8,731.77
"Lopinavir/Ritonavir 200/50mg [Aluvia], tablets, 120 Tabs","Lopinavir/Ritonavir 200/50mg [Aluvia], tablets, 120 Tabs",200/50mg,120,62,Weight Captured Separately,25.76,0.21,1.98
"Lamivudine 150mg, tablets, 60 Tabs","Lamivudine 150mg, tablets, 60 Tabs",150mg,60,23355,1073,2.35,0.04,90.56
"Abacavir 20mg/ml [Ziagen], oral solution, Bottle, 240 ml","Abacavir 20mg/ml [Ziagen], oral solution, Bottle, 240 ml",20mg/ml,240,20000,7293,9.28,0.04,306.24
"Efavirenz 600mg, tablets, 30 Tabs","Efavirenz 600mg, tablets, 30 Tabs",600mg,30,54684,3889,5.99,0.2,642.01
"Lamivudine/Tenofovir Disoproxil Fumarate 300/300mg, tablets, 30 Tabs","Lamivudine/Tenofovir Disoproxil Fumarate 300/300mg, tablets, 30 Tabs",300/300mg,30,12600,1278,4.6,0.15,71.7
"Zidovudine 300mg, tablets, 60 Tabs","Zidovudine 300mg, tablets, 60 Tabs",300mg,60,6384,331,7.3,0.12,76.9
"HIV 1/2, Uni-Gold HIV Kit, 20 Tests","HIV 1/2, Uni-Gold HIV Kit, 20 Tests",,20,89,See ASN-28279 (ID#:13547),32,1.6,2.93
"Tenofovir Disoproxil Fumarate 300mg, tablets, 30 Tabs","Tenofovir Disoproxil Fumarate 300mg, tablets, 30 Tabs",300mg,30,273,Weight Captured Separately,22.6,0.75,7.63
"Zidovudine 300mg, tablets, 60 Tabs","Zidovudine 300mg, tablets, 60 Tabs",300mg,60,5000,294,6.5,0.11,40.2
"Lopinavir/Ritonavir 80/20mg/ml [Kaletra], oral solution, cool, Bottle 5 x 60 ml","Lopinavir/Ritonavir 80/20mg/ml [Kaletra], oral solution, cool, Bottle 5 x 60 ml",80/20mg/ml,300,48,Weight Captured Separately,24.99,0.08,1.48
"HIV 1/2, Determine Complete HIV Kit, 100 Tests","HIV 1/2, Determine Complete HIV Kit, 100 Tests",,100,2950,1222,80,0.8,291.93
"Tenofovir Disoproxil Fumarate 300mg, tablets, 30 Tabs","Tenofovir Disoproxil Fumarate 300mg, tablets, 30 Tabs",300mg,30,108677,10144,6.65,0.22,1192.46
"Efavirenz 600mg, tablets, 30 Tabs","Efavirenz 600mg, tablets, 30 Tabs",600mg,30,125247,Weight Captured Separately,4.53,0.15,1223.25
"Ritonavir 100mg [Norvir], capsules, cool, 84 Caps","Ritonavir 100mg [Norvir], capsules, cool, 84 Caps",100mg,84,123,Weight Captured Separately,10.96,0.13,2.64
"Ritonavir 100mg [Norvir], film coated tablets, 30 Tabs","Ritonavir 100mg [Norvir], film coated tablets, 30 Tabs",100mg,30,71,15,23.26,0.78,2.04
"Lamivudine/Zidovudine 150/300mg, tablets, 60 Tabs","Lamivudine/Zidovudine 150/300mg, tablets, 60 Tabs",150/300mg,60,13000,Weight Captured Separately,6.49,0.11,99.3
"Abacavir 300mg, tablets, 60 Tabs","Abacavir 300mg, tablets, 60 Tabs",300mg,60,385,See ASN-17176 (ID#:20219),12.9,0.22,6.96
"Efavirenz 30mg/ml [Stocrin/Sustiva], oral solution, Bottle, 180 ml","Efavirenz 30mg/ml [Stocrin/Sustiva], oral solution, Bottle, 180 ml",30mg/ml,180,180,Weight Captured Separately,16.96,0.09,6.58
"Lopinavir/Ritonavir 80/20mg/ml [Kaletra], oral solution, cool, Bottle 5 x 60 ml","Lopinavir/Ritonavir 80/20mg/ml [Kaletra], oral solution, cool, Bottle 5 x 60 ml",80/20mg/ml,300,12,39,60.82,0.2,0.75
"HIV 1/2, Determine Complete HIV Kit, 100 Tests","HIV 1/2, Determine Complete HIV Kit, 100 Tests",,100,6170,2498,89,0.89,564.51
"Abacavir 20mg/ml, oral solution w/syringe, Bottle, 240 ml","Abacavir 20mg/ml, oral solution w/syringe, Bottle, 240 ml",20mg/ml,240,143,Weight Captured Separately,27.04,0.11,4.78
"Lamivudine 150mg, tablets, 60 Tabs","Lamivudine 150mg, tablets, 60 Tabs",150mg,60,236129,11917,2.37,0.04,1206.55
"Efavirenz 600mg, tablets, 30 Tabs","Efavirenz 600mg, tablets, 30 Tabs",600mg,30,51,Weight Captured Separately,15.6,0.52,0.82
"Zidovudine 10mg/ml, oral solution w/syringe, Bottle, 240 ml","Zidovudine 10mg/ml, oral solution w/syringe, Bottle, 240 ml",10mg/ml,240,500,See ASN-14875 (ID#:35053),2.1,0.01,1.47
"Nevirapine 200mg, tablets, 60 Tabs","Nevirapine 200mg, tablets, 60 Tabs",200mg,60,34500,2044,3.09,0.05,208.95
"Lopinavir/Ritonavir 100/25mg [Aluvia], tablets, 60 Tabs","Lopinavir/Ritonavir 100/25mg [Aluvia], tablets, 60 Tabs",100/25mg,60,8,Weight Captured Separately,5.78,0.1,0.05
"Lopinavir/Ritonavir 100/25mg [Aluvia], tablets, 60 Tabs","Lopinavir/Ritonavir 100/25mg [Aluvia], tablets, 60 Tabs",100/25mg,60,304,43,5.94,0.1,2.23
"Abacavir/Lamivudine 60/30mg, tablets, 60 Tabs","Abacavir/Lamivudine 60/30mg, tablets, 60 Tabs",60/30mg,60,7228,338,4.6,0.08,46.61
"Nevirapine 50mg, dispersible tablets (tablets for oral suspension), 30 Tabs","Nevirapine 50mg, dispersible tablets (tablets for oral suspension), 30 Tabs",50mg,30,492,27,1.25,0.04,0.76
"Tenofovir Disoproxil Fumarate 300mg, tablets, 30 Tabs","Tenofovir Disoproxil Fumarate 300mg, tablets, 30 Tabs",300mg,30,83238,5663,7.82,0.26,1403.39
"Ritonavir 100mg [Norvir], capsules, cool, 84 Caps","Ritonavir 100mg [Norvir], capsules, cool, 84 Caps",100mg,84,3,Weight Captured Separately,6.35,0.08,0.02
"HIV 1/2, Bioline 3.0 Kit, Lancets, Capillary pipets, Alcohol swabs included, 25 Tests","HIV 1/2, Bioline 3.0 Kit, Lancets, Capillary pipets, Alcohol swabs included, 25 Tests",,25,2000,624,20,0.8,78.4
"HIV 1/2, Stat-Pak HIV, Kit, 20 Tests","HIV 1/2, Stat-Pak HIV, Kit, 20 Tests",,20,1286,482,29,1.45,61.54
"Tenofovir Disoproxil Fumarate 300mg, tablets, 30 Tabs","Tenofovir Disoproxil Fumarate 300mg, tablets, 30 Tabs",300mg,30,59681,5200,6.91,0.23,889.13
"Lamivudine 150mg, tablets, 60 Tabs","Lamivudine 150mg, tablets, 60 Tabs",150mg,60,46,Weight Captured Separately,10.23,0.17,0.92
"Efavirenz/Emtricitabine/Tenofovir Disoproxil Fumarate 600/200/300mg, tablets, 30 Tabs","Efavirenz/Emtricitabine/Tenofovir Disoproxil Fumarate 600/200/300mg, tablets, 30 Tabs",600/200/300mg,30,216755,28678,12.24,0.41,3281.86
"HIV 1/2, Determine Complete HIV Kit, 100 Tests","HIV 1/2, Determine Complete HIV Kit, 100 Tests",,100,6100,3497,89,0.89,895.78
"Nevirapine 200mg, tablets, 60 Tabs","Nevirapine 200mg, tablets, 60 Tabs",200mg,60,10050,659,2.18,0.04,22.52
"Quinine 600mg/2ml (as dihydrochloride), injection, 2ml x 100 Ampules","Quinine 600mg/2ml (as dihydrochloride), injection, 2ml x 100 Ampules",600mg/2ml,100,32,68,25,0.25,0.94
"Efavirenz/Lamivudine/Tenofovir Disoproxil Fumarate 600/300/300mg, tablets, 30 Tabs","Efavirenz/Lamivudine/Tenofovir Disoproxil Fumarate 600/300/300mg, tablets, 30 Tabs",600/300/300mg,30,21384,2406,10.15,0.34,223.12
"Atazanavir 150mg [Reyataz], capsules, 60 Caps","Atazanavir 150mg [Reyataz], capsules, 60 Caps",150mg,60,3,Weight Captured Separately,15.9,0.26,0.05
"HIV, Multispot HIV-1/HIV-2 Rapid Test Kit, 50 Tests","HIV, Multispot HIV-1/HIV-2 Rapid Test Kit, 50 Tests",,50,31,43,1250,25,47.93
"Lamivudine 150mg, tablets, 60 Tabs","Lamivudine 150mg, tablets, 60 Tabs",150mg,60,75000,3347,2.43,0.04,300.71
"Ritonavir 100mg [Norvir], film coated tablets, 60 Tabs","Ritonavir 100mg [Norvir], film coated tablets, 60 Tabs",100mg,60,120,Weight Captured Separately,6.85,0.11,0.97
"Etravirine 100mg [Intelence], tablets, 120 Tabs","Etravirine 100mg [Intelence], tablets, 120 Tabs",100mg,120,2,Weight Captured Separately,25.6,0.21,0.05
"Efavirenz/Lamivudine/Tenofovir Disoproxil Fumarate 600/300/300mg, tablets, 30 Tabs","Efavirenz/Lamivudine/Tenofovir Disoproxil Fumarate 600/300/300mg, tablets, 30 Tabs",600/300/300mg,30,75000,9057,10.24,0.34,789.5
"Lopinavir/Ritonavir 100/25mg [Aluvia], tablets, 60 Tabs","Lopinavir/Ritonavir 100/25mg [Aluvia], tablets, 60 Tabs",100/25mg,60,19922,3991,5.94,0.1,139.28
"Lopinavir/Ritonavir 80/20mg/ml [Kaletra], oral solution, cool, Bottle 5 x 60 ml","Lopinavir/Ritonavir 80/20mg/ml [Kaletra], oral solution, cool, Bottle 5 x 60 ml",80/20mg/ml,300,50,100,36.16,0.12,3.9
"Lamivudine 150mg, tablets, 60 Tabs","Lamivudine 150mg, tablets, 60 Tabs",150mg,60,2430,See ASN-18919 (ID#:14578),2.15,0.04,6.46
"Tenofovir Disoproxil Fumarate 300mg, tablets, 30 Tabs","Tenofovir Disoproxil Fumarate 300mg, tablets, 30 Tabs",300mg,30,384,42,3.55,0.12,1.4
"Efavirenz 600mg, tablets, 30 Tabs","Efavirenz 600mg, tablets, 30 Tabs",600mg,30,257,Weight Captured Separately,16.73,0.56,5.32
"Stavudine 1mg/ml, powder for oral solution, 200 ml","Stavudine 1mg/ml, powder for oral solution, 200 ml",1mg/ml,200,4500,Weight Captured Separately,2.74,0.01,24.14
"Zidovudine 300mg, tablets, 60 Tabs","Zidovudine 300mg, tablets, 60 Tabs",300mg,60,990,69,5.5,0.09,5.6
"Lamivudine/Zidovudine 150/300mg, tablets, 60 Tabs","Lamivudine/Zidovudine 150/300mg, tablets, 60 Tabs",150/300mg,60,5070,See ASN-11024 (ID#:15149),8.25,0.14,69.02
"Abacavir 300mg, tablets, 60 Tabs","Abacavir 300mg, tablets, 60 Tabs",300mg,60,169,See ASN-16123 (ID#:20371),12.75,0.21,3.02
"Stavudine 30mg, capsules, 60 Caps","Stavudine 30mg, capsules, 60 Caps",30mg,60,1200,Weight Captured Separately,4.63,0.08,11.98
"Zidovudine 10mg/ml, oral solution w/syringe, Bottle, 240 ml","Zidovudine 10mg/ml, oral solution w/syringe, Bottle, 240 ml",10mg/ml,240,150,58,2.1,0.01,0.44
"Lopinavir/Ritonavir 80/20mg/ml [Kaletra], oral solution, cool, Bottle 5 x 60 ml","Lopinavir/Ritonavir 80/20mg/ml [Kaletra], oral solution, cool, Bottle 5 x 60 ml",80/20mg/ml,300,1500,1374,30.82,0.1,64.81
"HIV 1/2, Determine Complete HIV Kit, 100 Tests","HIV 1/2, Determine Complete HIV Kit, 100 Tests",,100,3000,1428,80,0.8,336.48
"Efavirenz 600mg, tablets, 30 Tabs","Efavirenz 600mg, tablets, 30 Tabs",600mg,30,39,Weight Captured Separately,12.09,0.4,0.48
"Efavirenz 600mg, tablets, 30 Tabs","Efavirenz 600mg, tablets, 30 Tabs",600mg,30,100591,8635,4.53,0.15,982.44
"HIV 1/2, Uni-Gold HIV Kit, 20 Tests","HIV 1/2, Uni-Gold HIV Kit, 20 Tests",,20,450,164,32,1.6,16.95
"HIV 1/2, Determine Complete HIV Kit, 100 Tests","HIV 1/2, Determine Complete HIV Kit, 100 Tests",,100,4500,1825,100,1,462.6
"Nevirapine 200mg, tablets, 60 Tabs","Nevirapine 200mg, tablets, 60 Tabs",200mg,60,6414,425,2.33,0.04,20.95
"Lopinavir/Ritonavir 100/25mg [Aluvia], tablets, 60 Tabs","Lopinavir/Ritonavir 100/25mg [Aluvia], tablets, 60 Tabs",100/25mg,60,1000,116,5.94,0.1,6.11
"Tenofovir Disoproxil Fumarate 300mg, tablets, 30 Tabs","Tenofovir Disoproxil Fumarate 300mg, tablets, 30 Tabs",300mg,30,120000,11201,6.65,0.22,1316.7
"Lamivudine/Zidovudine 150/300mg [Combivir], tablets, 60 Tabs","Lamivudine/Zidovudine 150/300mg [Combivir], tablets, 60 Tabs",150/300mg,60,7,Weight Captured Separately,16.8,0.28,0.15
"Efavirenz/Emtricitabine/Tenofovir Disoproxil Fumarate 600/200/300mg, tablets, 30 Tabs","Efavirenz/Emtricitabine/Tenofovir Disoproxil Fumarate 600/200/300mg, tablets, 30 Tabs",600/200/300mg,30,24917,3227,11.4,0.38,292.01
"Lamivudine 150mg, tablets, 60 Tabs","Lamivudine 150mg, tablets, 60 Tabs",150mg,60,17013,See ASN-9195 (ID#:39724),2.37,0.04,86.93
"Nevirapine 200mg, tablets, 60 Tabs","Nevirapine 200mg, tablets, 60 Tabs",200mg,60,61290,3528,2.34,0.04,201.07
"Abacavir 300mg, tablets, 60 Tabs","Abacavir 300mg, tablets, 60 Tabs",300mg,60,53,Weight Captured Separately,64.58,1.08,4.23
"Lamivudine 10mg/ml, oral solution, Bottle, 240 ml","Lamivudine 10mg/ml, oral solution, Bottle, 240 ml",10mg/ml,240,7,Weight Captured Separately,5.17,0.02,0.04
"Didanosine 400mg, delayed-release capsules, 30 Caps","Didanosine 400mg, delayed-release capsules, 30 Caps",400mg,30,26,Weight Captured Separately,19.49,0.65,0.52
"HIV 1/2, Determine Complete HIV Kit, 100 Tests","HIV 1/2, Determine Complete HIV Kit, 100 Tests",,100,7263,2069,89,0.89,1066.57
"Zidovudine 300mg, tablets, 60 Tabs","Zidovudine 300mg, tablets, 60 Tabs",300mg,60,497,117,5.75,0.1,3.54
"Tenofovir Disoproxil Fumarate 300mg, tablets, 30 Tabs","Tenofovir Disoproxil Fumarate 300mg, tablets, 30 Tabs",300mg,30,13307,1018,3.55,0.12,58.44
"Lopinavir/Ritonavir 100/25mg, tablets, 60 Tabs","Lopinavir/Ritonavir 100/25mg, tablets, 60 Tabs",100/25mg,60,2335,237,8.04,0.13,22.1
"HIV 1/2, Determine Complete HIV Kit, 100 Tests","HIV 1/2, Determine Complete HIV Kit, 100 Tests",,100,675,278,80,0.8,55.51
"Efavirenz 600mg, tablets, 30 Tabs","Efavirenz 600mg, tablets, 30 Tabs",600mg,30,48866,4154,4.51,0.15,363.64
"HIV 1/2, Determine Complete HIV Kit, 100 Tests","HIV 1/2, Determine Complete HIV Kit, 100 Tests",,100,1128,462,80,0.8,92.77
"Efavirenz/Lamivudine/Tenofovir Disoproxil Fumarate 600/300/300mg, tablets, 30 Tabs","Efavirenz/Lamivudine/Tenofovir Disoproxil Fumarate 600/300/300mg, tablets, 30 Tabs",600/300/300mg,30,9600,Weight Captured Separately,10,0.33,112.99
"Stavudine 30mg, capsules, 60 Caps","Stavudine 30mg, capsules, 60 Caps",30mg,60,40000,2343,1.45,0.02,95.7
"Etravirine 100mg [Intelence], tablets, 120 Tabs","Etravirine 100mg [Intelence], tablets, 120 Tabs",100mg,120,2,Weight Captured Separately,25.6,0.21,0.05
"HIV 1/2, Determine Complete HIV Kit, 100 Tests","HIV 1/2, Determine Complete HIV Kit, 100 Tests",,100,4697,Weight Captured Separately,89,0.89,492.02
"Chase Buffer, Determine, 100 Tests, 2.5ml x 1 Vial","Chase Buffer, Determine, 100 Tests, 2.5ml x 1 Vial",,1,50,See ASN-32107 (ID#:16391),5,5,0.29
"HIV 1/2, SKB Colloidal Gold, Diagnostic Kit Set, (includes lancet, transfer pipette & alcohol prep pad), 50 Tests","HIV 1/2, SKB Colloidal Gold, Diagnostic Kit Set, (includes lancet, transfer pipette & alcohol prep pad), 50 Tests",,1,20000,18580,30,30,742.2
"HIV 1/2, Uni-Gold HIV Kit, 20 Tests","HIV 1/2, Uni-Gold HIV Kit, 20 Tests",,20,18,See ASN-31129 (ID#:40205),32,1.6,0.68
"HIV 1/2, Determine Complete HIV Kit, 100 Tests","HIV 1/2, Determine Complete HIV Kit, 100 Tests",,100,7888,1357,80,0.8,1360.52
"Efavirenz 600mg, tablets, 30 Tabs","Efavirenz 600mg, tablets, 30 Tabs",600mg,30,35357,2806,4.26,0.14,248.52
"Abacavir 300mg, tablets, 60 Tabs","Abacavir 300mg, tablets, 60 Tabs",300mg,60,88,Weight Captured Separately,53.56,0.89,4.85
"Lamivudine 300mg, tablets, 30 Tabs","Lamivudine 300mg, tablets, 30 Tabs",300mg,30,140,Weight Captured Separately,2,0.07,0.33
"Stavudine 30mg, capsules, 60 Caps","Stavudine 30mg, capsules, 60 Caps",30mg,60,1022,Weight Captured Separately,3.73,0.06,4.71
"Efavirenz 50mg, capsule, 30 Caps","Efavirenz 50mg, capsule, 30 Caps",50mg,30,500,Weight Captured Separately,4.22,0.14,4.14
"Lamivudine 150mg, tablets, 60 Tabs","Lamivudine 150mg, tablets, 60 Tabs",150mg,60,15153,3595,2.35,0.04,76.77
"Lamivudine/Nevirapine/Zidovudine 30/50/60mg, dispersible tablets, 60 Tabs","Lamivudine/Nevirapine/Zidovudine 30/50/60mg, dispersible tablets, 60 Tabs",30/50/60mg,60,12492,See ASN-17806 (ID#:37475),4.15,0.07,72.68
"HIV 1/2, Uni-Gold HIV Kit, 20 Tests","HIV 1/2, Uni-Gold HIV Kit, 20 Tests",,20,39,See ASN-28279 (ID#:13547),32,1.6,1.28
"Lamivudine/Tenofovir Disoproxil Fumarate 300/300mg, tablets, 30 Tabs","Lamivudine/Tenofovir Disoproxil Fumarate 300/300mg, tablets, 30 Tabs",300/300mg,30,18273,2001,4.62,0.15,86.79
"Raltegravir 400mg [Isentress], tablets, 60 Tabs","Raltegravir 400mg [Isentress], tablets, 60 Tabs",400mg,60,1300,Weight Captured Separately,55.5,0.92,74.17
"Nevirapine 200mg, tablets, 60 Tabs","Nevirapine 200mg, tablets, 60 Tabs",200mg,60,22,Weight Captured Separately,19.72,0.33,0.54
"Lamivudine 10mg/ml, oral solution, Bottle, 240 ml","Lamivudine 10mg/ml, oral solution, Bottle, 240 ml",10mg/ml,240,3,Weight Captured Separately,7.15,0.03,0.02
"Nevirapine 200mg, tablets, 60 Tabs","Nevirapine 200mg, tablets, 60 Tabs",200mg,60,40751,4806,2.92,0.05,256.55
"Lamivudine 150mg, tablets, 60 Tabs","Lamivudine 150mg, tablets, 60 Tabs",150mg,60,5300,Weight Captured Separately,1.8,0.03,11.23
"Tenofovir Disoproxil Fumarate 300mg, tablets, 30 Tabs","Tenofovir Disoproxil Fumarate 300mg, tablets, 30 Tabs",300mg,30,6304,Weight Captured Separately,20.56,0.69,160.33
"Abacavir 300mg, tablets, 60 Tabs","Abacavir 300mg, tablets, 60 Tabs",300mg,60,200,See ASN-6266 (ID#:15368),18.9,0.32,7.41
"Emtricitabine/Tenofovir Disoproxil Fumarate 200/300mg, tablets, 30 Tabs","Emtricitabine/Tenofovir Disoproxil Fumarate 200/300mg, tablets, 30 Tabs",200/300mg,30,9,Weight Captured Separately,21.83,0.73,0.2
"Tenofovir Disoproxil Fumarate 300mg, tablets, 30 Tabs","Tenofovir Disoproxil Fumarate 300mg, tablets, 30 Tabs",300mg,30,76097,7105,6.65,0.22,834.97
"HIV 1/2, Determine Complete HIV Kit, 100 Tests","HIV 1/2, Determine Complete HIV Kit, 100 Tests",,100,507,67,72,0.72,71.55
"Efavirenz/Lamivudine/Tenofovir Disoproxil Fumarate 600/300/300mg, tablets, 30 Tabs","Efavirenz/Lamivudine/Tenofovir Disoproxil Fumarate 600/300/300mg, tablets, 30 Tabs",600/300/300mg,30,5280,1570,10.5,0.35,56.99
"Emtricitabine/Tenofovir Disoproxil Fumarate 200/300mg, tablets, 30 Tabs","Emtricitabine/Tenofovir Disoproxil Fumarate 200/300mg, tablets, 30 Tabs",200/300mg,30,10,Weight Captured Separately,23.44,0.78,0.24
"HIV 1/2, Bioline 3.0 Kit, Lancets, Capillary pipets, Alcohol swabs included, 25 Tests","HIV 1/2, Bioline 3.0 Kit, Lancets, Capillary pipets, Alcohol swabs included, 25 Tests",,25,60,353,20,0.8,2.59
"Ritonavir 100mg [Norvir], film coated tablets, 60 Tabs","Ritonavir 100mg [Norvir], film coated tablets, 60 Tabs",100mg,60,2706,346,6.85,0.11,39.96
"Zidovudine 300mg, tablets, 60 Tabs","Zidovudine 300mg, tablets, 60 Tabs",300mg,60,13,Weight Captured Separately,22.1,0.37,0.34
"Chase Buffer, Determine, 100 Tests, 2.5ml x 1 Vial","Chase Buffer, Determine, 100 Tests, 2.5ml x 1 Vial",,1,5060,2486,5,5,35.47
"Zidovudine 300mg, tablets, 60 Tabs","Zidovudine 300mg, tablets, 60 Tabs",300mg,60,8989,454,7.43,0.12,144
"Lamivudine 150mg, tablets, 60 Tabs","Lamivudine 150mg, tablets, 60 Tabs",150mg,60,15030,933,2.59,0.04,76.3
"Emtricitabine/Tenofovir Disoproxil Fumarate 200/300mg, tablets, 30 Tabs","Emtricitabine/Tenofovir Disoproxil Fumarate 200/300mg, tablets, 30 Tabs",200/300mg,30,55,Weight Captured Separately,33.33,1.11,2.27
"Lamivudine/Tenofovir Disoproxil Fumarate 300/300mg, tablets, 30 Tabs","Lamivudine/Tenofovir Disoproxil Fumarate 300/300mg, tablets, 30 Tabs",300/300mg,30,66960,7549,4.79,0.16,449.68
"HIV 1/2, Determine Complete HIV Kit, 100 Tests","HIV 1/2, Determine Complete HIV Kit, 100 Tests",,100,4484,1948,80,0.8,502.93
"Lopinavir/Ritonavir 100/25mg [Aluvia], tablets, 60 Tabs","Lopinavir/Ritonavir 100/25mg [Aluvia], tablets, 60 Tabs",100/25mg,60,936,128,5.94,0.1,6.88
"HIV 1/2, Determine Complete HIV Kit, 100 Tests","HIV 1/2, Determine Complete HIV Kit, 100 Tests",,100,6636,1036,80,0.8,1144.58
"Abacavir 300mg, tablets, 60 Tabs","Abacavir 300mg, tablets, 60 Tabs",300mg,60,70,Weight Captured Separately,53.56,0.89,3.85
"Efavirenz/Lamivudine/Tenofovir Disoproxil Fumarate 600/300/300mg, tablets, 30 Tabs","Efavirenz/Lamivudine/Tenofovir Disoproxil Fumarate 600/300/300mg, tablets, 30 Tabs",600/300/300mg,30,60000,8113,10.5,0.35,647.64
"Ritonavir 100mg [Norvir], film coated tablets, 60 Tabs","Ritonavir 100mg [Norvir], film coated tablets, 60 Tabs",100mg,60,4014,507,6.85,0.11,59.28
"Chase Buffer, Determine, 100 Tests, 2.5ml x 1 Vial","Chase Buffer, Determine, 100 Tests, 2.5ml x 1 Vial",,1,15,Weight Captured Separately,5,5,0.09
"Efavirenz 50mg, capsule, 30 Caps","Efavirenz 50mg, capsule, 30 Caps",50mg,30,97753,5778,2.44,0.08,393.55
"Tenofovir Disoproxil Fumarate 300mg, tablets, 30 Tabs","Tenofovir Disoproxil Fumarate 300mg, tablets, 30 Tabs",300mg,30,130800,12208,6.65,0.22,1435.2
"Didanosine 250mg, delayed-release capsules, 30 Caps","Didanosine 250mg, delayed-release capsules, 30 Caps",250mg,30,168,2046,13,0.43,4.71
"Lopinavir/Ritonavir 100/25mg [Aluvia], tablets, 60 Tabs","Lopinavir/Ritonavir 100/25mg [Aluvia], tablets, 60 Tabs",100/25mg,60,405,75,7.71,0.13,5.15
"Capillary Tubes, for Determine, EDTA, 50uL,100 Pcs","Capillary Tubes, for Determine, EDTA, 50uL,100 Pcs",,100,1,2,8,0.08,0.01
"Abacavir 300mg, tablets, 60 Tabs","Abacavir 300mg, tablets, 60 Tabs",300mg,60,12730,See ASN-6489 (ID#:23365),19.33,0.32,482.3
"Lamivudine 150mg, tablets, 60 Tabs","Lamivudine 150mg, tablets, 60 Tabs",150mg,60,6400,See ASN-26923 (ID#:13027),1.85,0.03,12.17
"Efavirenz 600mg, tablets, 30 Tabs","Efavirenz 600mg, tablets, 30 Tabs",600mg,30,2500,Weight Captured Separately,15.07,0.5,46.6
"Artemether/Lumefantrine 20/120mg [Coartem], scored tablets, Blister 30 x 24 Tabs","Artemether/Lumefantrine 20/120mg [Coartem], scored tablets, Blister 30 x 24 Tabs",20/120mg,720,2500,1725,42,0.06,147.21
"Lamivudine 150mg, tablets, 60 Tabs","Lamivudine 150mg, tablets, 60 Tabs",150mg,60,9989,See ASN-24398 (ID#:18664),1.85,0.03,22.86
"HIV 1/2, SKB Colloidal Gold, Diagnostic Kit, Antibody, 50 Tests","HIV 1/2, SKB Colloidal Gold, Diagnostic Kit, Antibody, 50 Tests",,1,924,656,24.5,24.5,31.74
"Atazanavir/Ritonavir 300/100mg, tablets, 30 Tabs","Atazanavir/Ritonavir 300/100mg, tablets, 30 Tabs",300/100mg,30,939,117,22.5,0.75,29.62
"Lamivudine/Nevirapine/Zidovudine 150/200/300mg, tablets, 60 Tabs","Lamivudine/Nevirapine/Zidovudine 150/200/300mg, tablets, 60 Tabs",150/300/200mg,60,6500,See ASN-5132 (ID#:22186),11.15,0.19,142.05
"HIV 1/2, Bioline 3.0 Kit, Lancets, Capillary pipets, Alcohol swabs included, 25 Tests","HIV 1/2, Bioline 3.0 Kit, Lancets, Capillary pipets, Alcohol swabs included, 25 Tests",,25,3399,1133,20,0.8,112.17
"Efavirenz 30mg/ml [Stocrin/Sustiva], oral solution, Bottle, 180 ml","Efavirenz 30mg/ml [Stocrin/Sustiva], oral solution, Bottle, 180 ml",30mg/ml,180,6705,1979,16.96,0.09,159.43
"HIV 1/2, Determine Complete HIV Kit, 100 Tests","HIV 1/2, Determine Complete HIV Kit, 100 Tests",,100,1960,882,89,0.89,244.56
"Nevirapine 200mg, tablets, 60 Tabs","Nevirapine 200mg, tablets, 60 Tabs",200mg,60,14055,1304,2.25,0.04,44.34
"HIV 1/2, Determine Complete HIV Kit, 100 Tests","HIV 1/2, Determine Complete HIV Kit, 100 Tests",,100,2104,856,80,0.8,173.03
"Lamivudine 10mg/ml, oral solution w/syringe, Bottle, 240 ml","Lamivudine 10mg/ml, oral solution w/syringe, Bottle, 240 ml",10mg/ml,240,44,Weight Captured Separately,7.08,0.03,0.39
"HIV 1/2, Determine Complete HIV Kit, 100 Tests","HIV 1/2, Determine Complete HIV Kit, 100 Tests",,100,3000,907,80,0.8,470.4
"Nevirapine 200mg, tablets, 60 Tabs","Nevirapine 200mg, tablets, 60 Tabs",200mg,60,96200,6320,2.18,0.04,215.59
"Lamivudine/Nevirapine/Zidovudine 150/200/300mg, tablets, 60 Tabs","Lamivudine/Nevirapine/Zidovudine 150/200/300mg, tablets, 60 Tabs",150/300/200mg,60,12785,See ASN-17077 (ID#:37031),8.6,0.14,154.15
"HIV 1/2, Stat-Pak HIV, Kit, 20 Tests","HIV 1/2, Stat-Pak HIV, Kit, 20 Tests",,20,220,115,27,1.35,12.81
"Lopinavir/Ritonavir 200/50mg [Aluvia], tablets, 120 Tabs","Lopinavir/Ritonavir 200/50mg [Aluvia], tablets, 120 Tabs",200/50mg,120,2245,598,82.2,0.68,304.49
"HIV 1/2, Uni-Gold HIV Kit, 20 Tests","HIV 1/2, Uni-Gold HIV Kit, 20 Tests",,20,25,See ASN-21751 (ID#:13968),32,1.6,0.99
"Lamivudine 150mg, tablets, 60 Tabs","Lamivudine 150mg, tablets, 60 Tabs",150mg,60,80,Weight Captured Separately,9.14,0.15,0.75
"Efavirenz/Lamivudine/Tenofovir Disoproxil Fumarate 600/300/300mg, tablets, 30 Tabs","Efavirenz/Lamivudine/Tenofovir Disoproxil Fumarate 600/300/300mg, tablets, 30 Tabs",600/300/300mg,30,33480,See ASN-15571 (ID#:21091),13,0.43,610.21
"Nevirapine 50mg, dispersible tablets (tablets for oral suspension), 30 Tabs","Nevirapine 50mg, dispersible tablets (tablets for oral suspension), 30 Tabs",50mg,30,1014,See ASN-20218 (ID#:20450),1.25,0.04,1.57
"Chloroquine 150mg base (as phosphate), tablets, 1000 Tabs","Chloroquine 150mg base (as phosphate), tablets, 1000 Tabs",150mg,1000,3000,See ASN-13412 (ID#:16085),9.25,0.01,38.91
"Didanosine 250mg, delayed-release capsules, 30 Caps","Didanosine 250mg, delayed-release capsules, 30 Caps",250mg,30,60,4,13,0.43,1.68
"Abacavir 20mg/ml [Ziagen], oral solution, Bottle, 240 ml","Abacavir 20mg/ml [Ziagen], oral solution, Bottle, 240 ml",20mg/ml,240,60000,22956,10.02,0.04,991.98
"HIV 1/2, Determine Complete HIV Kit, 100 Tests","HIV 1/2, Determine Complete HIV Kit, 100 Tests",,100,7110,1224,80,0.8,1226.33
"Tenofovir Disoproxil Fumarate 300mg, tablets, 30 Tabs","Tenofovir Disoproxil Fumarate 300mg, tablets, 30 Tabs",300mg,30,105707,7092,6.86,0.23,1196.5
"HIV 1/2, Determine Complete HIV Kit, 100 Tests","HIV 1/2, Determine Complete HIV Kit, 100 Tests",,100,3,1302,80,0.8,0.52
"Efavirenz 200mg, capsule, 90 Caps","Efavirenz 200mg, capsule, 90 Caps",200mg,90,25,Weight Captured Separately,26.37,0.29,0.82
"Nevirapine 10mg/ml, oral suspension w/syringe, Bottle, 240 ml","Nevirapine 10mg/ml, oral suspension w/syringe, Bottle, 240 ml",10mg/ml,240,19098,7367,3.15,0.01,129.7
"Ritonavir 100mg [Norvir], film coated tablets, 30 Tabs","Ritonavir 100mg [Norvir], film coated tablets, 30 Tabs",100mg,30,200,22,23.26,0.78,4.78
"Abacavir 20mg/ml, oral solution, Bottle, 240 ml","Abacavir 20mg/ml, oral solution, Bottle, 240 ml",20mg/ml,240,13,Weight Captured Separately,17.71,0.07,0.24
"HIV 1/2, Determine Complete HIV Kit, 100 Tests","HIV 1/2, Determine Complete HIV Kit, 100 Tests",,100,4000,1624,80,0.8,328.96
"HIV 1/2, Determine Complete HIV Kit, 100 Tests","HIV 1/2, Determine Complete HIV Kit, 100 Tests",,100,5500,2139,80,0.8,517.88
"Saquinavir 200mg [Invirase], capsules, 270 Caps","Saquinavir 200mg [Invirase], capsules, 270 Caps",200mg,270,27,Weight Captured Separately,55.51,0.21,1.54
"Tenofovir Disoproxil Fumarate 300mg, tablets, 30 Tabs","Tenofovir Disoproxil Fumarate 300mg, tablets, 30 Tabs",300mg,30,12317,See ASN-24398 (ID#:18664),3.55,0.12,54.09
"#109436**HIV 1, Uni-Gold Recombigen HIV Control, Vial 2 x 0.5 ml","#109436**HIV 1, Uni-Gold Recombigen HIV Control, Vial 2 x 0.5 ml",,2,15,5,31,15.5,1
"HIV 1/2, Uni-Gold HIV Kit, 20 Tests","HIV 1/2, Uni-Gold HIV Kit, 20 Tests",,20,52,24,32,1.6,2.06
"Abacavir 20mg/ml, oral solution, Bottle, 240 ml","Abacavir 20mg/ml, oral solution, Bottle, 240 ml",20mg/ml,240,16,Weight Captured Separately,24.51,0.1,0.4
"Efavirenz/Lamivudine/Tenofovir Disoproxil Fumarate 600/300/300mg, tablets, 30 Tabs","Efavirenz/Lamivudine/Tenofovir Disoproxil Fumarate 600/300/300mg, tablets, 30 Tabs",600/300/300mg,30,13907,1578,11.15,0.37,191.81
"Lamivudine 10mg/ml [Epivir], oral solution, Bottle, 240 ml","Lamivudine 10mg/ml [Epivir], oral solution, Bottle, 240 ml",10mg/ml,240,500,Weight Captured Separately,6.19,0.03,6.67
"HIV 1/2, Uni-Gold HIV Kit, 20 Tests","HIV 1/2, Uni-Gold HIV Kit, 20 Tests",,20,8000,2328,32,1.6,301.31
"HIV 1/2, Determine Complete HIV Kit, 100 Tests","HIV 1/2, Determine Complete HIV Kit, 100 Tests",,100,8149,3886,89,0.89,1016.82
"HIV 1/2, Uni-Gold HIV Kit, 20 Tests","HIV 1/2, Uni-Gold HIV Kit, 20 Tests",,20,65,See ASN-28279 (ID#:13547),32,1.6,2.14
"Etravirine 100mg [Intelence], tablets, 120 Tabs","Etravirine 100mg [Intelence], tablets, 120 Tabs",100mg,120,12,Weight Captured Separately,35.42,0.3,0.44
"HIV 1/2, Uni-Gold HIV Kit, 20 Tests","HIV 1/2, Uni-Gold HIV Kit, 20 Tests",,20,427,139,32,1.6,16.9
"Lamivudine/Zidovudine 150/300mg, tablets, 60 Tabs","Lamivudine/Zidovudine 150/300mg, tablets, 60 Tabs",150/300mg,60,9227,813,6.61,0.11,62.7
"Nevirapine 10mg/ml, oral suspension w/syringe, Bottle, 240 ml","Nevirapine 10mg/ml, oral suspension w/syringe, Bottle, 240 ml",10mg/ml,240,10603,3818,2.26,0.01,39.54
"Abacavir 300mg, tablets, 60 Tabs","Abacavir 300mg, tablets, 60 Tabs",300mg,60,10620,1050,19.33,0.32,402.36
"HIV 1/2, Uni-Gold HIV Kit, 20 Tests","HIV 1/2, Uni-Gold HIV Kit, 20 Tests",,20,6,See ASN-26738 (ID#:15115),32,1.6,0.2
"Efavirenz/Emtricitabine/Tenofovir Disoproxil Fumarate 600/200/300mg, tablets, 30 Tabs","Efavirenz/Emtricitabine/Tenofovir Disoproxil Fumarate 600/200/300mg, tablets, 30 Tabs",600/200/300mg,30,29160,3402,10.5,0.35,314.75
"Nevirapine 200mg, tablets, 60 Tabs","Nevirapine 200mg, tablets, 60 Tabs",200mg,60,23,Weight Captured Separately,17.75,0.3,0.42
"Didanosine 400mg, delayed-release capsules, 30 Caps","Didanosine 400mg, delayed-release capsules, 30 Caps",400mg,30,12,Weight Captured Separately,17.42,0.58,0.25
"HIV 1/2, Determine Complete HIV Kit, 100 Tests","HIV 1/2, Determine Complete HIV Kit, 100 Tests",,100,2161,1051,72,0.72,335.46
"HIV 1/2, Uni-Gold HIV Kit, 20 Tests","HIV 1/2, Uni-Gold HIV Kit, 20 Tests",,20,24250,7080,32,1.6,959.91
"Lamivudine/Zidovudine 150/300mg, tablets, 60 Tabs","Lamivudine/Zidovudine 150/300mg, tablets, 60 Tabs",150/300mg,60,1217,124,6.77,0.11,8.47
"Efavirenz 200mg, capsule, 90 Caps","Efavirenz 200mg, capsule, 90 Caps",200mg,90,3,Weight Captured Separately,23.59,0.26,0.07
"Tenofovir Disoproxil Fumarate 300mg, tablets, 30 Tabs","Tenofovir Disoproxil Fumarate 300mg, tablets, 30 Tabs",300mg,30,98,Weight Captured Separately,22.6,0.75,2.74
"Saquinavir 500mg [Invirase], tablets, 120 Tabs","Saquinavir 500mg [Invirase], tablets, 120 Tabs",500mg,120,98,18,126.14,1.05,20.4
"Lamivudine/Zidovudine 150/300mg, tablets, 60 Tabs","Lamivudine/Zidovudine 150/300mg, tablets, 60 Tabs",150/300mg,60,55,Weight Captured Separately,32.99,0.55,2.24
"Efavirenz/Emtricitabine/Tenofovir Disoproxil Fumarate 600/200/300mg, tablets, 30 Tabs","Efavirenz/Emtricitabine/Tenofovir Disoproxil Fumarate 600/200/300mg, tablets, 30 Tabs",600/200/300mg,30,53149,5803,19.9,0.66,2280.33
"Efavirenz 600mg, tablets, 30 Tabs","Efavirenz 600mg, tablets, 30 Tabs",600mg,30,60,Weight Captured Separately,15.6,0.52,0.96
"Didanosine EC 400mg [Videx EC], delayed-release capsules, Blister 3 x 10 Caps","Didanosine EC 400mg [Videx EC], delayed-release capsules, Blister 3 x 10 Caps",400mg,30,3000,363,23.67,0.79,139.18
"Efavirenz 50mg, capsule, 30 Caps","Efavirenz 50mg, capsule, 30 Caps",50mg,30,45232,2674,2.44,0.08,182.1
"Didanosine 250mg, delayed-release capsules, 30 Caps","Didanosine 250mg, delayed-release capsules, 30 Caps",250mg,30,8,Weight Captured Separately,16.82,0.56,0.17
"Atazanavir 150mg, capsules, 60 Caps","Atazanavir 150mg, capsules, 60 Caps",150mg,60,46,3,26.09,0.43,2.35
"Efavirenz/Lamivudine/Tenofovir Disoproxil Fumarate 600/300/300mg, tablets, 30 Tabs","Efavirenz/Lamivudine/Tenofovir Disoproxil Fumarate 600/300/300mg, tablets, 30 Tabs",600/300/300mg,30,21384,2406,10.15,0.34,223.12
"HIV 1/2, Determine Complete HIV Kit, 100 Tests","HIV 1/2, Determine Complete HIV Kit, 100 Tests",,100,11054,4495,89,0.89,1011.35
"HIV 1/2, Stat-Pak Buffer Only, 20 Tests","HIV 1/2, Stat-Pak Buffer Only, 20 Tests",,1,40,2,2.5,2.5,0.16
"Lopinavir/Ritonavir 100/25mg [Aluvia], tablets, 60 Tabs","Lopinavir/Ritonavir 100/25mg [Aluvia], tablets, 60 Tabs",100/25mg,60,612,76,5.94,0.1,4.5
"Ritonavir 100mg [Norvir], film coated tablets, 60 Tabs","Ritonavir 100mg [Norvir], film coated tablets, 60 Tabs",100mg,60,350,51,6.85,0.11,2.46
"HIV 1/2, Uni-Gold HIV Kit, 20 Tests","HIV 1/2, Uni-Gold HIV Kit, 20 Tests",,20,200,Weight Captured Separately,32,1.6,7.92
"Abacavir 300mg, tablets, 60 Tabs","Abacavir 300mg, tablets, 60 Tabs",300mg,60,82,Weight Captured Separately,61.1,1.02,5.9
"Nevirapine 200mg, tablets, 60 Tabs","Nevirapine 200mg, tablets, 60 Tabs",200mg,60,19429,See ASN-21698 (ID#:33964),2.25,0.04,54.08
"Didanosine EC 250mg [Videx EC], delayed-release capsules, Blister 3 x 10 Caps","Didanosine EC 250mg [Videx EC], delayed-release capsules, Blister 3 x 10 Caps",250mg,30,60,Weight Captured Separately,22.12,0.74,2.6
"Lamivudine 150mg [Epivir], tablets, 60 Tabs","Lamivudine 150mg [Epivir], tablets, 60 Tabs",150mg,60,2500,Weight Captured Separately,8.78,0.15,27.14
"Zidovudine 300mg, tablets, 60 Tabs","Zidovudine 300mg, tablets, 60 Tabs",300mg,60,31528,1899,5.43,0.09,211.77
"Didanosine 400mg, delayed-release capsules, 30 Caps","Didanosine 400mg, delayed-release capsules, 30 Caps",400mg,30,9,Weight Captured Separately,21.87,0.73,0.24
"HIV 1/2, Uni-Gold HIV Kit, 20 Tests","HIV 1/2, Uni-Gold HIV Kit, 20 Tests",,20,2730,890,32,1.6,108.06
"Didanosine 400mg, delayed-release capsules, 30 Caps","Didanosine 400mg, delayed-release capsules, 30 Caps",400mg,30,276,Weight Captured Separately,22.42,0.75,12.13
"HIV 1/2, Determine Complete HIV Kit, 100 Tests","HIV 1/2, Determine Complete HIV Kit, 100 Tests",,100,4758,1934,89,0.89,435.32
"Tenofovir Disoproxil Fumarate 300mg, tablets, 30 Tabs","Tenofovir Disoproxil Fumarate 300mg, tablets, 30 Tabs",300mg,30,39878,Weight Captured Separately,6.65,0.22,437.56
"HIV 1/2, Determine Complete HIV Kit, 100 Tests","HIV 1/2, Determine Complete HIV Kit, 100 Tests",,100,90,41,100,1,12.62
"Lamivudine 10mg/ml, oral solution w/syringe, Bottle, 240 ml","Lamivudine 10mg/ml, oral solution w/syringe, Bottle, 240 ml",10mg/ml,240,14,Weight Captured Separately,8,0.03,0.14
"Lamivudine 150mg, tablets, 60 Tabs","Lamivudine 150mg, tablets, 60 Tabs",150mg,60,51,Weight Captured Separately,9.14,0.15,0.48
"Atazanavir 300mg, capsules, 30 Caps","Atazanavir 300mg, capsules, 30 Caps",300mg,30,1902,170,20,0.67,47.06
"Lamivudine 150mg, tablets, 60 Tabs","Lamivudine 150mg, tablets, 60 Tabs",150mg,60,13000,See ASN-13475 (ID#:15772),2.3,0.04,49.34
"HIV 1/2, Determine Complete HIV Kit, 100 Tests","HIV 1/2, Determine Complete HIV Kit, 100 Tests",,100,5538,5538,80,0.8,455.45
"Nevirapine 200mg, tablets, 60 Tabs","Nevirapine 200mg, tablets, 60 Tabs",200mg,60,104636,11275,2.72,0.05,469.61
"Lamivudine 150mg, tablets, 60 Tabs","Lamivudine 150mg, tablets, 60 Tabs",150mg,60,608,Weight Captured Separately,9.76,0.16,7.34
"Efavirenz 50mg, capsule, 30 Caps","Efavirenz 50mg, capsule, 30 Caps",50mg,30,182,Weight Captured Separately,2.98,0.1,0.67
"Lopinavir/Ritonavir 100/25mg [Aluvia], tablets, 60 Tabs","Lopinavir/Ritonavir 100/25mg [Aluvia], tablets, 60 Tabs",100/25mg,60,396,53,15.21,0.25,8.44
"HIV 1/2, Determine Complete HIV Kit, 100 Tests","HIV 1/2, Determine Complete HIV Kit, 100 Tests",,100,2104,917,80,0.8,208.21
"Nevirapine 200mg, tablets, 60 Tabs","Nevirapine 200mg, tablets, 60 Tabs",200mg,60,57961,5525,2.25,0.04,182.84
"Lopinavir/Ritonavir 80/20mg/ml [Kaletra], oral solution, cool, Bottle 5 x 60 ml","Lopinavir/Ritonavir 80/20mg/ml [Kaletra], oral solution, cool, Bottle 5 x 60 ml",80/20mg/ml,300,1024,1014,30.82,0.1,44.25
"HIV 1/2, Uni-Gold HIV Kit, 20 Tests","HIV 1/2, Uni-Gold HIV Kit, 20 Tests",,20,39,See ASN-31750 (ID#:19272),32,1.6,1.47
"Efavirenz 600mg, tablets, 30 Tabs","Efavirenz 600mg, tablets, 30 Tabs",600mg,30,40890,3329,4.3,0.14,379.08
"Lamivudine 150mg, tablets, 60 Tabs","Lamivudine 150mg, tablets, 60 Tabs",150mg,60,5700,Weight Captured Separately,1.8,0.03,12.08
"Efavirenz/Lamivudine/Tenofovir Disoproxil Fumarate 600/300/300mg, tablets, 30 Tabs","Efavirenz/Lamivudine/Tenofovir Disoproxil Fumarate 600/300/300mg, tablets, 30 Tabs",600/300/300mg,30,30339,3419,11.49,0.38,431.21
"Abacavir 300mg, tablets, 60 Tabs","Abacavir 300mg, tablets, 60 Tabs",300mg,60,2000,See ASN-32258 (ID#:29880),10.95,0.18,25.78
"#109435**HIV, OraQuick Controls Kit, 3 Vials","#109435**HIV, OraQuick Controls Kit, 3 Vials",,3,10,6,25,8.33,0.49
"HIV 1/2, SKB Colloidal Gold, Diagnostic Kit, Antibody, 50 Tests","HIV 1/2, SKB Colloidal Gold, Diagnostic Kit, Antibody, 50 Tests",,1,4162,2777,24.5,24.5,126.14
"Efavirenz 600mg, tablets, 30 Tabs","Efavirenz 600mg, tablets, 30 Tabs",600mg,30,3000,Weight Captured Separately,3.3,0.11,11.65
"Tenofovir Disoproxil Fumarate 300mg, tablets, 30 Tabs","Tenofovir Disoproxil Fumarate 300mg, tablets, 30 Tabs",300mg,30,20142,6142,4.95,0.16,139.78
"Efavirenz 30mg/ml [Stocrin/Sustiva], oral solution, Bottle, 180 ml","Efavirenz 30mg/ml [Stocrin/Sustiva], oral solution, Bottle, 180 ml",30mg/ml,180,3399,1014,16.96,0.09,95.12
"HIV 1/2, Bioline 3.0 Kit, (no accessories), 30 Tests","HIV 1/2, Bioline 3.0 Kit, (no accessories), 30 Tests",,30,2418,859,24,0.8,95.75
"HIV 1/2, Determine Complete HIV Kit, 100 Tests","HIV 1/2, Determine Complete HIV Kit, 100 Tests",,100,1387,662,80,0.8,155.57
"HIV 1/2, Determine Complete HIV Kit, 100 Tests","HIV 1/2, Determine Complete HIV Kit, 100 Tests",,100,6158,2493,89,0.89,563.41
"Lamivudine 150mg, tablets, 60 Tabs","Lamivudine 150mg, tablets, 60 Tabs",150mg,60,189,Weight Captured Separately,6.61,0.11,1.28
"Efavirenz/Lamivudine/Tenofovir Disoproxil Fumarate 600/300/300mg, tablets, 30 Tabs","Efavirenz/Lamivudine/Tenofovir Disoproxil Fumarate 600/300/300mg, tablets, 30 Tabs",600/300/300mg,30,2196,Weight Captured Separately,9.5,0.32,24.55
"Abacavir/Lamivudine/Zidovudine 300/150/300mg [Trizivir], tablets, 60 Tabs","Abacavir/Lamivudine/Zidovudine 300/150/300mg [Trizivir], tablets, 60 Tabs",300/150/300mg,60,1020,Weight Captured Separately,53.71,0.9,107.38
"Lopinavir/Ritonavir 200/50mg [Aluvia], tablets, 120 Tabs","Lopinavir/Ritonavir 200/50mg [Aluvia], tablets, 120 Tabs",200/50mg,120,62,Weight Captured Separately,24.99,0.21,1.92
"Stavudine 30mg, capsules, 60 Caps","Stavudine 30mg, capsules, 60 Caps",30mg,60,9744,656,1.45,0.02,30.46
"HIV 1/2, Determine Complete HIV Kit, 100 Tests","HIV 1/2, Determine Complete HIV Kit, 100 Tests",,100,1250,Weight Captured Separately,128.75,1.29,225.63
"HIV 1/2, Determine Complete HIV Kit, 100 Tests","HIV 1/2, Determine Complete HIV Kit, 100 Tests",,100,3055,1241,89,0.89,336.33
"Ritonavir 100mg [Norvir], capsules, cool, 4 x 84 Caps","Ritonavir 100mg [Norvir], capsules, cool, 4 x 84 Caps",100mg,336,273,520,38.36,0.11,22.58
"Lopinavir/Ritonavir 100/25mg [Aluvia], tablets, 60 Tabs","Lopinavir/Ritonavir 100/25mg [Aluvia], tablets, 60 Tabs",100/25mg,60,210,36,7.4,0.12,2.18
"Lamivudine 150mg, tablets, 60 Tabs","Lamivudine 150mg, tablets, 60 Tabs",150mg,60,33972,1823,2.53,0.04,185.31
"Raltegravir 400mg [Isentress], tablets, 60 Tabs","Raltegravir 400mg [Isentress], tablets, 60 Tabs",400mg,60,20,Weight Captured Separately,79.99,1.33,1.64
"Ritonavir 100mg [Norvir], capsules, cool, 84 Caps","Ritonavir 100mg [Norvir], capsules, cool, 84 Caps",100mg,84,40,Weight Captured Separately,10.8,0.13,0.85
"Stavudine 30mg, capsules, 60 Caps","Stavudine 30mg, capsules, 60 Caps",30mg,60,408,Weight Captured Separately,3.94,0.07,1.99
"Efavirenz 600mg, tablets, 30 Tabs","Efavirenz 600mg, tablets, 30 Tabs",600mg,30,1043,Weight Captured Separately,16.57,0.55,21.38
"Tenofovir Disoproxil Fumarate 300mg, tablets, 30 Tabs","Tenofovir Disoproxil Fumarate 300mg, tablets, 30 Tabs",300mg,30,621,Weight Captured Separately,20.56,0.69,15.79
"Didanosine 400mg, delayed-release capsules, 30 Caps","Didanosine 400mg, delayed-release capsules, 30 Caps",400mg,30,17,Weight Captured Separately,21.71,0.72,0.46
"Atazanavir/Ritonavir 300/100mg, tablets, 30 Tabs","Atazanavir/Ritonavir 300/100mg, tablets, 30 Tabs",300/100mg,30,6907,Weight Captured Separately,18,0.6,146.33
"Didanosine 250mg, delayed-release capsules, 30 Caps","Didanosine 250mg, delayed-release capsules, 30 Caps",250mg,30,300,21,13,0.43,8.41
"Chase Buffer, Determine, 100 Tests, 2.5ml x 1 Vial","Chase Buffer, Determine, 100 Tests, 2.5ml x 1 Vial",,1,116,See ASN-19143 (ID#:26345),5,5,0.72
"Lopinavir/Ritonavir 200/50mg [Aluvia], tablets, 120 Tabs","Lopinavir/Ritonavir 200/50mg [Aluvia], tablets, 120 Tabs",200/50mg,120,1010,255,82.2,0.68,179
"HIV 1/2, Uni-Gold HIV Kit, 20 Tests","HIV 1/2, Uni-Gold HIV Kit, 20 Tests",,20,176,71,32,1.6,7.9
"Lamivudine/Zidovudine 150/300mg, tablets, 60 Tabs","Lamivudine/Zidovudine 150/300mg, tablets, 60 Tabs",150/300mg,60,920,Weight Captured Separately,28.02,0.47,31.89
"HIV 1/2, Determine Complete HIV Kit, 100 Tests","HIV 1/2, Determine Complete HIV Kit, 100 Tests",,100,450,188,89,0.89,49.54
"Lamivudine/Zidovudine 150/300mg, tablets, 60 Tabs","Lamivudine/Zidovudine 150/300mg, tablets, 60 Tabs",150/300mg,60,27,Weight Captured Separately,23,0.38,0.64
"Abacavir 20mg/ml [Ziagen], oral solution, Bottle, 240 ml","Abacavir 20mg/ml [Ziagen], oral solution, Bottle, 240 ml",20mg/ml,240,1021,Weight Captured Separately,22.8,0.1,28.79
"HIV 1/2, Uni-Gold HIV Kit, 20 Tests","HIV 1/2, Uni-Gold HIV Kit, 20 Tests",,20,5673,1674,32,1.6,186.62
"HIV 1/2, Uni-Gold HIV Kit, 20 Tests","HIV 1/2, Uni-Gold HIV Kit, 20 Tests",,20,151,54,32,1.6,5.98
"Lopinavir/Ritonavir 200/50mg [Aluvia], tablets, 120 Tabs","Lopinavir/Ritonavir 200/50mg [Aluvia], tablets, 120 Tabs",200/50mg,120,23,Weight Captured Separately,25.76,0.21,0.73
"Efavirenz 200mg, capsule, 90 Caps","Efavirenz 200mg, capsule, 90 Caps",200mg,90,25000,3313,8.17,0.09,337.01
"Abacavir/Lamivudine 60/30mg, tablets, 60 Tabs","Abacavir/Lamivudine 60/30mg, tablets, 60 Tabs",60/30mg,60,3024,140,3.95,0.07,14.78
"Nevirapine 200mg, tablets, 60 Tabs","Nevirapine 200mg, tablets, 60 Tabs",200mg,60,33,Weight Captured Separately,19.72,0.33,0.8
"Efavirenz/Emtricitabine/Tenofovir Disoproxil Fumarate 600/200/300mg, tablets, 30 Tabs","Efavirenz/Emtricitabine/Tenofovir Disoproxil Fumarate 600/200/300mg, tablets, 30 Tabs",600/200/300mg,30,17640,See ASN-29183 (ID#:31368),10.5,0.35,190.41
"Lamivudine 150mg, tablets, 60 Tabs","Lamivudine 150mg, tablets, 60 Tabs",150mg,60,11507,539,1.77,0.03,25.19
"Abacavir 300mg, tablets, 60 Tabs","Abacavir 300mg, tablets, 60 Tabs",300mg,60,50,Weight Captured Separately,77.15,1.29,4.77
"Darunavir 600mg [Prezista], tablets, 60 Tabs","Darunavir 600mg [Prezista], tablets, 60 Tabs",600mg,60,37,Weight Captured Separately,50.66,0.84,1.93
"Lopinavir/Ritonavir 200/50mg [Aluvia], tablets, 120 Tabs","Lopinavir/Ritonavir 200/50mg [Aluvia], tablets, 120 Tabs",200/50mg,120,3500,Weight Captured Separately,43.58,0.36,298.99
"Abacavir 300mg, tablets, 60 Tabs","Abacavir 300mg, tablets, 60 Tabs",300mg,60,86,Weight Captured Separately,76.11,1.27,8.1
"Ritonavir 100mg [Norvir], capsules, cool, 4 x 84 Caps","Ritonavir 100mg [Norvir], capsules, cool, 4 x 84 Caps",100mg,336,40,114,76.72,0.23,6.01
"Nevirapine 10mg/ml, oral suspension w/syringe, Bottle, 240 ml","Nevirapine 10mg/ml, oral suspension w/syringe, Bottle, 240 ml",10mg/ml,240,6821,2686,1.51,0.01,10.59
"Tenofovir Disoproxil Fumarate 300mg, tablets, 30 Tabs","Tenofovir Disoproxil Fumarate 300mg, tablets, 30 Tabs",300mg,30,137130,45800,6.65,0.22,1504.66
"Lamivudine/Zidovudine 150/300mg, tablets, 60 Tabs","Lamivudine/Zidovudine 150/300mg, tablets, 60 Tabs",150/300mg,60,3,Weight Captured Separately,21.41,0.36,0.07
"HIV 1/2, Uni-Gold HIV Kit, 20 Tests","HIV 1/2, Uni-Gold HIV Kit, 20 Tests",,20,47,15,32,1.6,2.11
"Nevirapine 200mg [Viramune], tablets, 60 Tabs","Nevirapine 200mg [Viramune], tablets, 60 Tabs",200mg,60,2,Weight Captured Separately,18.09,0.3,0.04
"Lamivudine/Nevirapine/Zidovudine 150/200/300mg, tablets, 60 Tabs","Lamivudine/Nevirapine/Zidovudine 150/200/300mg, tablets, 60 Tabs",150/300/200mg,60,12100,1685,8.1,0.13,100.75
"HIV 1/2, Uni-Gold HIV Kit, 20 Tests","HIV 1/2, Uni-Gold HIV Kit, 20 Tests",,20,500,170,32,1.6,31.36
"Chase Buffer, Determine, 100 Tests, 2.5ml x 1 Vial","Chase Buffer, Determine, 100 Tests, 2.5ml x 1 Vial",,1,5000,See ASN-31132 (ID#:36641),5,5,29.42
"Lopinavir/Ritonavir 80/20mg/ml [Kaletra], oral solution, cool, Bottle 5 x 60 ml","Lopinavir/Ritonavir 80/20mg/ml [Kaletra], oral solution, cool, Bottle 5 x 60 ml",80/20mg/ml,300,2,Weight Captured Separately,23.45,0.08,0.06
"Didanosine 250mg, delayed-release capsules, 30 Caps","Didanosine 250mg, delayed-release capsules, 30 Caps",250mg,30,2000,150,7.58,0.25,15.58
"HIV 1/2, Uni-Gold HIV Kit, 20 Tests","HIV 1/2, Uni-Gold HIV Kit, 20 Tests",,20,90,See ASN-24721 (ID#:13708),32,1.6,2.96
"Emtricitabine/Tenofovir Disoproxil Fumarate 200/300mg, tablets, 30 Tabs","Emtricitabine/Tenofovir Disoproxil Fumarate 200/300mg, tablets, 30 Tabs",200/300mg,30,3,Weight Captured Separately,30.56,1.02,0.11
"Efavirenz 50mg, capsule, 30 Caps","Efavirenz 50mg, capsule, 30 Caps",50mg,30,1764,106,2.24,0.07,5.54
"Tenofovir Disoproxil Fumarate 300mg, tablets, 30 Tabs","Tenofovir Disoproxil Fumarate 300mg, tablets, 30 Tabs",300mg,30,28907,Weight Captured Separately,6.65,0.22,317.18
"Capillary Tubes, for Determine, EDTA, 50uL,100 Pcs","Capillary Tubes, for Determine, EDTA, 50uL,100 Pcs",,100,115,149,8,0.08,1.14
"Zidovudine 300mg, tablets, 60 Tabs","Zidovudine 300mg, tablets, 60 Tabs",300mg,60,92887,4810,7.3,0.12,1118.82
"HIV 1/2, Uni-Gold HIV Kit, 20 Tests","HIV 1/2, Uni-Gold HIV Kit, 20 Tests",,20,35,See ASN-31765 (ID#:41640),32,1.6,1.32
"Efavirenz/Emtricitabine/Tenofovir Disoproxil Fumarate 600/200/300mg, tablets, 30 Tabs","Efavirenz/Emtricitabine/Tenofovir Disoproxil Fumarate 600/200/300mg, tablets, 30 Tabs",600/200/300mg,30,5000,Weight Captured Separately,35.43,1.18,208.53
"HIV 1/2, INSTI HIV 1/2 Antibody Kit, 48 Tests","HIV 1/2, INSTI HIV 1/2 Antibody Kit, 48 Tests",,48,32,58,83.04,1.73,3.73
"Lopinavir/Ritonavir 80/20mg/ml [Kaletra], oral solution, cool, Bottle 5 x 60 ml","Lopinavir/Ritonavir 80/20mg/ml [Kaletra], oral solution, cool, Bottle 5 x 60 ml",80/20mg/ml,300,20,52,30.82,0.1,0.76
"HIV 1/2, Determine Complete HIV Kit, 100 Tests","HIV 1/2, Determine Complete HIV Kit, 100 Tests",,100,9575,3890,80,0.8,787.45
"Lopinavir/Ritonavir 200/50mg [Aluvia], tablets, 120 Tabs","Lopinavir/Ritonavir 200/50mg [Aluvia], tablets, 120 Tabs",200/50mg,120,320,88,82.2,0.68,51.56
"Zidovudine 300mg, tablets, 60 Tabs","Zidovudine 300mg, tablets, 60 Tabs",300mg,60,20172,1104,5.43,0.09,135.49
"Lamivudine 10mg/ml, oral solution, Bottle, 240 ml","Lamivudine 10mg/ml, oral solution, Bottle, 240 ml",10mg/ml,240,9565,6490,1.95,0.01,26.15
"Nevirapine 200mg, tablets, 60 Tabs","Nevirapine 200mg, tablets, 60 Tabs",200mg,60,63254,3700,2.64,0.04,360.03
"Didanosine EC 400mg [Videx EC], delayed-release capsules, Blister 3 x 10 Caps","Didanosine EC 400mg [Videx EC], delayed-release capsules, Blister 3 x 10 Caps",400mg,30,18311,See ASN-11005 (ID#:27881),23.67,0.79,715.15
"HIV 1/2, Uni-Gold HIV Kit, 20 Tests","HIV 1/2, Uni-Gold HIV Kit, 20 Tests",,20,43,15,32,1.6,1.93
"Efavirenz 30mg/ml [Stocrin/Sustiva], oral solution, Bottle, 180 ml","Efavirenz 30mg/ml [Stocrin/Sustiva], oral solution, Bottle, 180 ml",30mg/ml,180,420,Weight Captured Separately,16.96,0.09,8.38
"Nevirapine 200mg, tablets, 60 Tabs","Nevirapine 200mg, tablets, 60 Tabs",200mg,60,38341,4522,2.92,0.05,241.38
"HIV 1/2, Uni-Gold HIV Kit, 20 Tests","HIV 1/2, Uni-Gold HIV Kit, 20 Tests",,20,597,209,32,1.6,26.78
"HIV 1/2, Bioline 3.0 Kit, Lancets, Capillary pipets, Alcohol swabs included, 25 Tests","HIV 1/2, Bioline 3.0 Kit, Lancets, Capillary pipets, Alcohol swabs included, 25 Tests",,25,1500,Weight Captured Separately,20.5,0.82,36.19
"Nevirapine 200mg, tablets, 60 Tabs","Nevirapine 200mg, tablets, 60 Tabs",200mg,60,236925,13622,2.43,0.04,1241.27
"HIV 1/2, Determine Complete HIV Kit, 100 Tests","HIV 1/2, Determine Complete HIV Kit, 100 Tests",,100,61,28,77.7,0.78,7.82
"Efavirenz/Lamivudine/Tenofovir Disoproxil Fumarate 600/300/300mg, tablets, 30 Tabs","Efavirenz/Lamivudine/Tenofovir Disoproxil Fumarate 600/300/300mg, tablets, 30 Tabs",600/300/300mg,30,40593,4585,11.15,0.37,559.88
"HIV 1/2, Determine Complete HIV Kit, 100 Tests","HIV 1/2, Determine Complete HIV Kit, 100 Tests",,100,2926,1394,80,0.8,328.18
"Lamivudine/Zidovudine 150/300mg, tablets, 60 Tabs","Lamivudine/Zidovudine 150/300mg, tablets, 60 Tabs",150/300mg,60,19836,1820,8.42,0.14,275.58
"Nevirapine 200mg, tablets, 60 Tabs","Nevirapine 200mg, tablets, 60 Tabs",200mg,60,104,Weight Captured Separately,19.58,0.33,2.52
"Lopinavir/Ritonavir 200/50mg [Aluvia], tablets, 120 Tabs","Lopinavir/Ritonavir 200/50mg [Aluvia], tablets, 120 Tabs",200/50mg,120,1922,467,60.82,0.51,163.89
"Lamivudine 150mg [Epivir], tablets, 60 Tabs","Lamivudine 150mg [Epivir], tablets, 60 Tabs",150mg,60,2600,Weight Captured Separately,6.44,0.11,32.82
"HIV 1/2, Determine HIV Kit, without Lancets, 100 Tests","HIV 1/2, Determine HIV Kit, without Lancets, 100 Tests",,100,5084,1153,70,0.7,697.52
"Abacavir 20mg/ml, oral solution w/syringe, Bottle, 240 ml","Abacavir 20mg/ml, oral solution w/syringe, Bottle, 240 ml",20mg/ml,240,124,Weight Captured Separately,27.04,0.11,4.15
"Lamivudine/Zidovudine 30/60mg, tablets, 60 Tabs","Lamivudine/Zidovudine 30/60mg, tablets, 60 Tabs",30/60mg,60,48127,2383,1.99,0.03,98.45
"Lamivudine 150mg, tablets, 60 Tabs","Lamivudine 150mg, tablets, 60 Tabs",150mg,60,3974,209,1.72,0.03,7.03
"HIV 1/2, Uni-Gold HIV Kit, 20 Tests","HIV 1/2, Uni-Gold HIV Kit, 20 Tests",,20,400,Weight Captured Separately,32,1.6,15.07
"Nevirapine 10mg/ml, oral suspension, Bottle, 240 ml","Nevirapine 10mg/ml, oral suspension, Bottle, 240 ml",10mg/ml,240,2286,972,1.51,0.01,3.55
"Lamivudine/Stavudine 150/30mg, tablets, 60 Tabs","Lamivudine/Stavudine 150/30mg, tablets, 60 Tabs",150/30mg,60,18025,1139,2.92,0.05,65.11
"HIV 1/2, Uni-Gold HIV Kit, 20 Tests","HIV 1/2, Uni-Gold HIV Kit, 20 Tests",,20,6042,1990,32,1.6,271.07
"Tenofovir Disoproxil Fumarate 300mg, tablets, 30 Tabs","Tenofovir Disoproxil Fumarate 300mg, tablets, 30 Tabs",300mg,30,58,19,4,0.13,0.24
"Nevirapine 10mg/ml [Viramune], oral suspension, Bottle, 240 ml","Nevirapine 10mg/ml [Viramune], oral suspension, Bottle, 240 ml",10mg/ml,240,120,Weight Captured Separately,15.81,0.07,4.09
"Lopinavir/Ritonavir 80/20mg/ml [Kaletra], oral solution, cool, Bottle 5 x 60 ml","Lopinavir/Ritonavir 80/20mg/ml [Kaletra], oral solution, cool, Bottle 5 x 60 ml",80/20mg/ml,300,4,Weight Captured Separately,23.12,0.08,0.1
"HIV 1/2, Determine Complete HIV Kit, 100 Tests","HIV 1/2, Determine Complete HIV Kit, 100 Tests",,100,552,See ASN-32231 (ID#:13648),80,0.8,51.98
"HIV 1/2, Determine Complete HIV Kit, 100 Tests","HIV 1/2, Determine Complete HIV Kit, 100 Tests",,100,4400,1808,80,0.8,435.42
"HIV, OraQuick Controls Kit, 3 Vials","HIV, OraQuick Controls Kit, 3 Vials",,1,20,Weight Captured Separately,25,25,0.51
"Abacavir/Lamivudine 600/300mg, scored tablets, 30 Tabs","Abacavir/Lamivudine 600/300mg, scored tablets, 30 Tabs",600/300mg,30,1461,154,23,0.77,65.86
"Darunavir 300mg [Prezista], tablets, 120 Tabs","Darunavir 300mg [Prezista], tablets, 120 Tabs",300mg,120,841,169,66.6,0.55,69.29
"Lopinavir/Ritonavir 100/25mg, tablets, 60 Tabs","Lopinavir/Ritonavir 100/25mg, tablets, 60 Tabs",100/25mg,60,1560,166,8.04,0.13,14.76
"HIV 1/2, Determine Complete HIV Kit, 100 Tests","HIV 1/2, Determine Complete HIV Kit, 100 Tests",,100,2746,1312,80,0.8,362.47
"Lamivudine 150mg, tablets, 60 Tabs","Lamivudine 150mg, tablets, 60 Tabs",150mg,60,515000,Weight Captured Separately,2.43,0.04,2064.89
"Lamivudine/Zidovudine 150/300mg, tablets, 60 Tabs","Lamivudine/Zidovudine 150/300mg, tablets, 60 Tabs",150/300mg,60,24377,See ASN-18664 (ID#:19406),7,0.12,211.08
"HIV 1/2, Determine Complete HIV Kit, 100 Tests","HIV 1/2, Determine Complete HIV Kit, 100 Tests",,100,494,240,80,0.8,65.21
"Emtricitabine/Tenofovir Disoproxil Fumarate 200/300mg, tablets, 30 Tabs","Emtricitabine/Tenofovir Disoproxil Fumarate 200/300mg, tablets, 30 Tabs",200/300mg,30,11,Weight Captured Separately,21.83,0.73,0.25
"Lopinavir/Ritonavir 100/25mg [Aluvia], tablets, 60 Tabs","Lopinavir/Ritonavir 100/25mg [Aluvia], tablets, 60 Tabs",100/25mg,60,2,Weight Captured Separately,5.17,0.09,0.01
"Lamivudine/Stavudine 60/12mg, dispersible tablets, 60 Tabs","Lamivudine/Stavudine 60/12mg, dispersible tablets, 60 Tabs",60/12mg,60,672,49,3.67,0.06,3.46
"Tenofovir Disoproxil Fumarate 300mg, tablets, 30 Tabs","Tenofovir Disoproxil Fumarate 300mg, tablets, 30 Tabs",300mg,30,4500,320,6.45,0.22,47.89
"Lamivudine 150mg, tablets, 60 Tabs","Lamivudine 150mg, tablets, 60 Tabs",150mg,60,52379,2512,2.53,0.04,285.71
"Efavirenz 600mg, tablets, 30 Tabs","Efavirenz 600mg, tablets, 30 Tabs",600mg,30,63421,5101,4.3,0.14,587.96
"HIV 1/2, Bioline 3.0 Kit, Lancets, Capillary pipets, Alcohol swabs included, 25 Tests","HIV 1/2, Bioline 3.0 Kit, Lancets, Capillary pipets, Alcohol swabs included, 25 Tests",,25,24,75,20,0.8,1.03
"Lamivudine 10mg/ml [Epivir], oral solution, Bottle, 240 ml","Lamivudine 10mg/ml [Epivir], oral solution, Bottle, 240 ml",10mg/ml,240,300,Weight Captured Separately,6.8,0.03,4
"HIV 1/2, Stat-Pak HIV, Kit, 20 Tests","HIV 1/2, Stat-Pak HIV, Kit, 20 Tests",,20,1850,592,29,1.45,88.52
"Lamivudine/Zidovudine 150/300mg, tablets, 60 Tabs","Lamivudine/Zidovudine 150/300mg, tablets, 60 Tabs",150/300mg,60,189,Weight Captured Separately,32.75,0.55,7.66
"Nevirapine 200mg, tablets, 60 Tabs","Nevirapine 200mg, tablets, 60 Tabs",200mg,60,88,Weight Captured Separately,19.58,0.33,2.13
"Etravirine 100mg [Intelence], tablets, 120 Tabs","Etravirine 100mg [Intelence], tablets, 120 Tabs",100mg,120,83,16,82.07,0.68,11.24
"HIV 1/2, Determine Complete HIV Kit, 100 Tests","HIV 1/2, Determine Complete HIV Kit, 100 Tests",,100,2264,980,80,0.8,253.93
"Nevirapine 200mg, tablets, 60 Tabs","Nevirapine 200mg, tablets, 60 Tabs",200mg,60,12937,875,2.3,0.04,36.81
"HIV 1/2, Stat-Pak HIV, Kit, 20 Tests","HIV 1/2, Stat-Pak HIV, Kit, 20 Tests",,20,3049,904,27,1.35,177.49
"Efavirenz 200mg, capsule, 90 Caps","Efavirenz 200mg, capsule, 90 Caps",200mg,90,298,See ASN-17673 (ID#:36978),4.42,0.05,1.85
"Chase Buffer, Determine, 100 Tests, 2.5ml x 1 Vial","Chase Buffer, Determine, 100 Tests, 2.5ml x 1 Vial",,1,215,41,5,5,1.51
"Lamivudine/Nevirapine/Zidovudine 150/200/300mg, tablets, 60 Tabs","Lamivudine/Nevirapine/Zidovudine 150/200/300mg, tablets, 60 Tabs",150/300/200mg,60,24000,2769,11,0.18,569.18
"HIV 1/2, Determine Complete HIV Kit, 100 Tests","HIV 1/2, Determine Complete HIV Kit, 100 Tests",,100,6118,2477,80,0.8,576.07
"HIV 1/2, Bioline 3.0 Kit, Lancets, Capillary pipets, Alcohol swabs included, 25 Tests","HIV 1/2, Bioline 3.0 Kit, Lancets, Capillary pipets, Alcohol swabs included, 25 Tests",,25,1400,437,20.5,0.82,29.5
"HIV 1/2, Determine Complete HIV Kit, 100 Tests","HIV 1/2, Determine Complete HIV Kit, 100 Tests",,100,8787,3567,80,0.8,722.64
"HIV 1/2, Stat-Pak HIV, Kit, 20 Tests","HIV 1/2, Stat-Pak HIV, Kit, 20 Tests",,20,3487,1252,32,1.6,138.03
"Tenofovir Disoproxil Fumarate 300mg, tablets, 30 Tabs","Tenofovir Disoproxil Fumarate 300mg, tablets, 30 Tabs",300mg,30,12693,975,3.55,0.12,55.74
"Abacavir 300mg, tablets, 60 Tabs","Abacavir 300mg, tablets, 60 Tabs",300mg,60,10000,1087,17.28,0.29,372.56
"HIV 1/2, Determine HIV Kit, without Lancets, 100 Tests","HIV 1/2, Determine HIV Kit, without Lancets, 100 Tests",,100,150,34,77.7,0.78,19.23
"HIV 1/2, Determine Complete HIV Kit, 100 Tests","HIV 1/2, Determine Complete HIV Kit, 100 Tests",,100,2352,1016,80,0.8,263.8
"Efavirenz 600mg, tablets, 30 Tabs","Efavirenz 600mg, tablets, 30 Tabs",600mg,30,34044,2892,4.67,0.16,342.77
"Efavirenz 50mg, capsule, 30 Caps","Efavirenz 50mg, capsule, 30 Caps",50mg,30,360,21,2.24,0.07,1
"Lopinavir/Ritonavir 200/50mg [Aluvia], tablets, 120 Tabs","Lopinavir/Ritonavir 200/50mg [Aluvia], tablets, 120 Tabs",200/50mg,120,1324,334,82.2,0.68,179.57
"HIV 1/2, Determine HIV Kit, without Lancets, 100 Tests","HIV 1/2, Determine HIV Kit, without Lancets, 100 Tests",,100,7587,1306,77.7,0.78,972.69
"Atazanavir/Ritonavir 300/100mg, tablets, 30 Tabs","Atazanavir/Ritonavir 300/100mg, tablets, 30 Tabs",300/100mg,30,9235,1197,18,0.6,195.65
"Tenofovir Disoproxil Fumarate 300mg, tablets, 30 Tabs","Tenofovir Disoproxil Fumarate 300mg, tablets, 30 Tabs",300mg,30,30,Weight Captured Separately,14.85,0.5,0.46
"Lamivudine 10mg/ml, oral solution, Bottle, 240 ml","Lamivudine 10mg/ml, oral solution, Bottle, 240 ml",10mg/ml,240,517,Weight Captured Separately,5.44,0.02,3.48
"Nevirapine 200mg [Viramune], tablets, 60 Tabs","Nevirapine 200mg [Viramune], tablets, 60 Tabs",200mg,60,225,Weight Captured Separately,18.48,0.31,5.14
"Lamivudine/Zidovudine 150/300mg, tablets, 60 Tabs","Lamivudine/Zidovudine 150/300mg, tablets, 60 Tabs",150/300mg,60,29635,2608,6.61,0.11,201.37
"Lopinavir/Ritonavir 80/20mg/ml [Kaletra], oral solution, cool, Bottle 5 x 60 ml","Lopinavir/Ritonavir 80/20mg/ml [Kaletra], oral solution, cool, Bottle 5 x 60 ml",80/20mg/ml,300,80,136,30.82,0.1,2.53
"HIV 1/2, Uni-Gold HIV Kit, 20 Tests","HIV 1/2, Uni-Gold HIV Kit, 20 Tests",,20,10,See ASN-31129 (ID#:40205),32,1.6,0.38
"Emtricitabine/Tenofovir Disoproxil Fumarate 200/300mg, tablets, 30 Tabs","Emtricitabine/Tenofovir Disoproxil Fumarate 200/300mg, tablets, 30 Tabs",200/300mg,30,11,Weight Captured Separately,33.72,1.12,0.46
"Capillary Tubes, for Determine, EDTA, 50uL,100 Pcs","Capillary Tubes, for Determine, EDTA, 50uL,100 Pcs",,100,25,2,8,0.08,0.33
"Lamivudine/Nevirapine/Stavudine 150/200/30mg, tablets, 60 Tabs","Lamivudine/Nevirapine/Stavudine 150/200/30mg, tablets, 60 Tabs",150/200/30mg,60,11000,3828,5.35,0.09,97.1
"Lamivudine/Nevirapine/Zidovudine 30/50/60mg, dispersible tablets, 60 Tabs","Lamivudine/Nevirapine/Zidovudine 30/50/60mg, dispersible tablets, 60 Tabs",30/50/60mg,60,814,60,0,0,0
"Zidovudine 100mg, capsules, 100 Caps","Zidovudine 100mg, capsules, 100 Caps",100mg,100,218,See ASN-18805 (ID#:18997),4.6,0.05,1.24
"Lopinavir/Ritonavir 200/50mg [Aluvia], tablets, 120 Tabs","Lopinavir/Ritonavir 200/50mg [Aluvia], tablets, 120 Tabs",200/50mg,120,1573,393,30.82,0.26,79.99
"Emtricitabine/Tenofovir Disoproxil Fumarate 200/300mg, tablets, 30 Tabs","Emtricitabine/Tenofovir Disoproxil Fumarate 200/300mg, tablets, 30 Tabs",200/300mg,30,26,Weight Captured Separately,29.92,1,0.8
"Nevirapine 10mg/ml, oral suspension w/syringe, Bottle, 240 ml","Nevirapine 10mg/ml, oral suspension w/syringe, Bottle, 240 ml",10mg/ml,240,11980,4621,3.15,0.01,81.36
"Lamivudine/Zidovudine 150/300mg, tablets, 60 Tabs","Lamivudine/Zidovudine 150/300mg, tablets, 60 Tabs",150/300mg,60,37680,See ASN-16560 (ID#:29734),7.65,0.13,404.13
"Chase Buffer, Determine, 100 Tests, 2.5ml x 1 Vial","Chase Buffer, Determine, 100 Tests, 2.5ml x 1 Vial",,1,3939,See ASN-26283 (ID#:46875),5,5,20.25
"HIV 1/2, Determine Complete HIV Kit, 100 Tests","HIV 1/2, Determine Complete HIV Kit, 100 Tests",,100,2607,1080,80,0.8,257.99
"Nevirapine 10mg/ml, oral suspension w/syringe, Bottle, 100 ml","Nevirapine 10mg/ml, oral suspension w/syringe, Bottle, 100 ml",10mg/ml,100,700,Weight Captured Separately,1.3,0.01,1.13
"Atazanavir/Ritonavir 300/100mg, tablets, 30 Tabs","Atazanavir/Ritonavir 300/100mg, tablets, 30 Tabs",300/100mg,30,5000,1189,20,0.67,123.7
"HIV 1/2, Bioline 3.0 Kit, Lancets, Capillary pipets, Alcohol swabs included, 25 Tests","HIV 1/2, Bioline 3.0 Kit, Lancets, Capillary pipets, Alcohol swabs included, 25 Tests",,25,1400,468,20.5,0.82,35.5
"Lopinavir/Ritonavir 200/50mg [Aluvia], tablets, 120 Tabs","Lopinavir/Ritonavir 200/50mg [Aluvia], tablets, 120 Tabs",200/50mg,120,120,36,36.16,0.3,8.5
"Lopinavir/Ritonavir 80/20mg/ml [Kaletra], oral solution, cool, Bottle 5 x 60 ml","Lopinavir/Ritonavir 80/20mg/ml [Kaletra], oral solution, cool, Bottle 5 x 60 ml",80/20mg/ml,300,4497,3968,30.82,0.1,163.13
"Lamivudine/Zidovudine+Efavirenz 150/300mg+600mg, tablets, co-blister 60+30 Tabs","Lamivudine/Zidovudine+Efavirenz 150/300mg+600mg, tablets, co-blister 60+30 Tabs",150/300mg+600mg,90,46855,7712,13.6,0.15,1051.43
"Tenofovir Disoproxil Fumarate 300mg, tablets, 30 Tabs","Tenofovir Disoproxil Fumarate 300mg, tablets, 30 Tabs",300mg,30,7242,Weight Captured Separately,20.56,0.69,184.19
"HIV 1/2, Determine Complete HIV Kit, 100 Tests","HIV 1/2, Determine Complete HIV Kit, 100 Tests",,100,10,5,80,0.8,1.32
"Nevirapine 200mg, tablets, 60 Tabs","Nevirapine 200mg, tablets, 60 Tabs",200mg,60,37140,See ASN-15554 (ID#:33116),2.34,0.04,121.84
"HIV 1/2, Determine HIV Kit, without Lancets, 100 Tests","HIV 1/2, Determine HIV Kit, without Lancets, 100 Tests",,100,2024,461,70,0.7,277.69
"Lopinavir/Ritonavir 100/25mg [Aluvia], tablets, 60 Tabs","Lopinavir/Ritonavir 100/25mg [Aluvia], tablets, 60 Tabs",100/25mg,60,5360,619,5.94,0.1,39.38
"Efavirenz 50mg, capsule, 30 Caps","Efavirenz 50mg, capsule, 30 Caps",50mg,30,100000,5634,2.35,0.08,506.66
"Nevirapine 200mg, tablets, 60 Tabs","Nevirapine 200mg, tablets, 60 Tabs",200mg,60,38400,Weight Captured Separately,2.79,0.05,230.99
"HIV 1/2, Determine Complete HIV Kit, 100 Tests","HIV 1/2, Determine Complete HIV Kit, 100 Tests",,100,1000,Weight Captured Separately,133,1.33,164.52
"HIV 1/2, Determine Complete HIV Kit, 100 Tests","HIV 1/2, Determine Complete HIV Kit, 100 Tests",,100,605,Weight Captured Separately,100,1,62.19
"Didanosine 25mg [Videx], chewable tablets, 60 Tabs","Didanosine 25mg [Videx], chewable tablets, 60 Tabs",25mg,60,703,162,7,0.12,6.09
"Tenofovir Disoproxil Fumarate 300mg, tablets, 30 Tabs","Tenofovir Disoproxil Fumarate 300mg, tablets, 30 Tabs",300mg,30,54247,3728,7.82,0.26,914.6
"HIV 1/2, Stat-Pak HIV, Kit, 20 Tests","HIV 1/2, Stat-Pak HIV, Kit, 20 Tests",,20,15,6,29,1.45,0.72
"HIV 1/2, Determine Complete HIV Kit, 100 Tests","HIV 1/2, Determine Complete HIV Kit, 100 Tests",,100,262,See ASN-32231 (ID#:13648),80,0.8,24.67
"Etravirine 100mg [Intelence], tablets, 120 Tabs","Etravirine 100mg [Intelence], tablets, 120 Tabs",100mg,120,33,Weight Captured Separately,25.59,0.21,0.87
"Didanosine 400mg, delayed-release capsules, 30 Caps","Didanosine 400mg, delayed-release capsules, 30 Caps",400mg,30,8,Weight Captured Separately,15.27,0.51,0.13
"Lamivudine/Zidovudine 150/300mg, tablets, 60 Tabs","Lamivudine/Zidovudine 150/300mg, tablets, 60 Tabs",150/300mg,60,164,Weight Captured Separately,8.42,0.14,2.28
"Ritonavir 100mg [Norvir], film coated tablets, 30 Tabs","Ritonavir 100mg [Norvir], film coated tablets, 30 Tabs",100mg,30,187,16,23.26,0.78,5.38
"Emtricitabine/Tenofovir Disoproxil Fumarate 200/300mg, tablets, 30 Tabs","Emtricitabine/Tenofovir Disoproxil Fumarate 200/300mg, tablets, 30 Tabs",200/300mg,30,10,Weight Captured Separately,23.44,0.78,0.24
"Lamivudine/Zidovudine 150/300mg, tablets, 60 Tabs","Lamivudine/Zidovudine 150/300mg, tablets, 60 Tabs",150/300mg,60,5964,See ASN-5131 (ID#:25886),8.61,0.14,100.65
"HIV 1/2, Uni-Gold HIV Kit, 20 Tests","HIV 1/2, Uni-Gold HIV Kit, 20 Tests",,20,179,63,32,1.6,8.03
"Lopinavir/Ritonavir 200/50mg [Aluvia], tablets, 120 Tabs","Lopinavir/Ritonavir 200/50mg [Aluvia], tablets, 120 Tabs",200/50mg,120,1720,424,82.2,0.68,277.11
"Nevirapine 200mg, tablets, 60 Tabs","Nevirapine 200mg, tablets, 60 Tabs",200mg,60,9300,550,3.09,0.05,56.32
"HIV 1/2, Stat-Pak HIV, Kit, 20 Tests","HIV 1/2, Stat-Pak HIV, Kit, 20 Tests",,20,340,151,29,1.45,13.82
"Darunavir 600mg [Prezista], tablets, 60 Tabs","Darunavir 600mg [Prezista], tablets, 60 Tabs",600mg,60,50,Weight Captured Separately,54,0.9,2.78
"Lopinavir/Ritonavir 200/50mg [Aluvia], tablets, 120 Tabs","Lopinavir/Ritonavir 200/50mg [Aluvia], tablets, 120 Tabs",200/50mg,120,1785,266,82.2,0.68,316.34
"HIV 1/2, Uni-Gold HIV Kit, 20 Tests","HIV 1/2, Uni-Gold HIV Kit, 20 Tests",,20,39,13,32,1.6,2.06
"HIV 1/2, Determine Complete HIV Kit, 100 Tests","HIV 1/2, Determine Complete HIV Kit, 100 Tests",,100,1000,324,72,0.72,141.12
"Efavirenz/Lamivudine/Tenofovir Disoproxil Fumarate 600/300/300mg, tablets, 30 Tabs","Efavirenz/Lamivudine/Tenofovir Disoproxil Fumarate 600/300/300mg, tablets, 30 Tabs",600/300/300mg,30,24192,3385,10.5,0.35,314.22
"Efavirenz 600mg, tablets, 30 Tabs","Efavirenz 600mg, tablets, 30 Tabs",600mg,30,87018,Weight Captured Separately,4.53,0.15,849.88
"Lamivudine/Zidovudine 30/60mg, tablets, 60 Tabs","Lamivudine/Zidovudine 30/60mg, tablets, 60 Tabs",30/60mg,60,2231,See ASN-18408 (ID#:21705),2.1,0.04,5.8
"Lopinavir/Ritonavir 200/50mg [Aluvia], tablets, 120 Tabs","Lopinavir/Ritonavir 200/50mg [Aluvia], tablets, 120 Tabs",200/50mg,120,1575,382,82.2,0.68,213.62
"HIV 1/2, Uni-Gold HIV Kit, 20 Tests","HIV 1/2, Uni-Gold HIV Kit, 20 Tests",,20,3000,881,32,1.6,112.99
"Ritonavir 100mg [Norvir], film coated tablets, 30 Tabs","Ritonavir 100mg [Norvir], film coated tablets, 30 Tabs",100mg,30,300,Weight Captured Separately,23.26,0.78,8.21
"HIV 1/2, Determine Complete HIV Kit, 100 Tests","HIV 1/2, Determine Complete HIV Kit, 100 Tests",,100,8178,1407,89,0.89,1569.23
"HIV 1/2, Determine Complete HIV Kit, 100 Tests","HIV 1/2, Determine Complete HIV Kit, 100 Tests",,100,204,See ASN-19143 (ID#:26345),89,0.89,22.46
"Lamivudine 10mg/ml, oral solution w/syringe, Bottle, 240 ml","Lamivudine 10mg/ml, oral solution w/syringe, Bottle, 240 ml",10mg/ml,240,11668,4396,3,0.01,75.47
"HIV 1/2, Uni-Gold HIV Kit, 20 Tests","HIV 1/2, Uni-Gold HIV Kit, 20 Tests",,20,41,See ASN-31750 (ID#:19272),32,1.6,1.54
"Darunavir 600mg [Prezista], tablets, 60 Tabs","Darunavir 600mg [Prezista], tablets, 60 Tabs",600mg,60,18,Weight Captured Separately,50.66,0.84,0.94
"Lamivudine 150mg, tablets, 60 Tabs","Lamivudine 150mg, tablets, 60 Tabs",150mg,60,2400,726,2.35,0.04,12.16
"Lamivudine/Tenofovir Disoproxil Fumarate 300/300mg, tablets, 30 Tabs","Lamivudine/Tenofovir Disoproxil Fumarate 300/300mg, tablets, 30 Tabs",300/300mg,30,42074,4105,5.35,0.18,315.58
"Zidovudine 300mg, tablets, 60 Tabs","Zidovudine 300mg, tablets, 60 Tabs",300mg,60,1008,See ASN-9408 (ID#:39263),6.95,0.12,15.1
"Ritonavir 100mg [Norvir], film coated tablets, 60 Tabs","Ritonavir 100mg [Norvir], film coated tablets, 60 Tabs",100mg,60,272,37,6.85,0.11,1.92
"Lopinavir/Ritonavir 100/25mg, tablets, 60 Tabs","Lopinavir/Ritonavir 100/25mg, tablets, 60 Tabs",100/25mg,60,1592,167,8.04,0.13,13.16
"Nevirapine 200mg, tablets, 60 Tabs","Nevirapine 200mg, tablets, 60 Tabs",200mg,60,19,Weight Captured Separately,12.82,0.21,0.25
"HIV 1/2, Uni-Gold HIV Kit, 20 Tests","HIV 1/2, Uni-Gold HIV Kit, 20 Tests",,20,4250,1386,32,1.6,190.67
"HIV 1/2, Stat-Pak HIV, Kit, 20 Tests","HIV 1/2, Stat-Pak HIV, Kit, 20 Tests",,20,3400,1252,29,1.45,121.97
"Abacavir 20mg/ml, oral solution w/syringe, Bottle, 240 ml","Abacavir 20mg/ml, oral solution w/syringe, Bottle, 240 ml",20mg/ml,240,36,Weight Captured Separately,27.42,0.11,1.22
"Lopinavir/Ritonavir 80/20mg/ml [Kaletra], oral solution, cool, Bottle 5 x 60 ml","Lopinavir/Ritonavir 80/20mg/ml [Kaletra], oral solution, cool, Bottle 5 x 60 ml",80/20mg/ml,300,350,Weight Captured Separately,30.82,0.1,12.7
"HIV 1/2, Determine Complete HIV Kit, 100 Tests","HIV 1/2, Determine Complete HIV Kit, 100 Tests",,100,6290,2995,80,0.8,705.49
"Nevirapine 200mg, tablets, 60 Tabs","Nevirapine 200mg, tablets, 60 Tabs",200mg,60,275,Weight Captured Separately,18.09,0.3,5.11
"Nevirapine 200mg, tablets, 60 Tabs","Nevirapine 200mg, tablets, 60 Tabs",200mg,60,10817,1172,2.72,0.05,48.55
"Raltegravir 400mg [Isentress], tablets, 60 Tabs","Raltegravir 400mg [Isentress], tablets, 60 Tabs",400mg,60,223,21,91.5,1.52,33.67
"Lamivudine 150mg, tablets, 60 Tabs","Lamivudine 150mg, tablets, 60 Tabs",150mg,60,185954,9019,2.47,0.04,990.26
"Nevirapine 200mg, tablets, 60 Tabs","Nevirapine 200mg, tablets, 60 Tabs",200mg,60,176100,24219,2.43,0.04,922.6
"Zidovudine 100mg, capsules, 100 Caps","Zidovudine 100mg, capsules, 100 Caps",100mg,100,120,9,4.5,0.04,0.56
"HIV 1/2, Determine Complete HIV Kit, 100 Tests","HIV 1/2, Determine Complete HIV Kit, 100 Tests",,100,1845,1000,72,0.72,286.4
"Capillary Tubes, for Determine, EDTA, 50uL,100 Pcs","Capillary Tubes, for Determine, EDTA, 50uL,100 Pcs",,100,165,See ASN-22040 (ID#:45178),8,0.08,1.63
"HIV 1/2, Determine Complete HIV Kit, 100 Tests","HIV 1/2, Determine Complete HIV Kit, 100 Tests",,100,2744,1303,80,0.8,307.77
"Nevirapine 200mg, tablets, 60 Tabs","Nevirapine 200mg, tablets, 60 Tabs",200mg,60,20,Weight Captured Separately,12.82,0.21,0.26
"Ritonavir 100mg [Norvir], film coated tablets, 30 Tabs","Ritonavir 100mg [Norvir], film coated tablets, 30 Tabs",100mg,30,400,See ASN-33152 (ID#:38571),23.26,0.78,10.95
"Atazanavir/Ritonavir 300/100mg, tablets, 30 Tabs","Atazanavir/Ritonavir 300/100mg, tablets, 30 Tabs",300/100mg,30,1558,195,22.5,0.75,49.15
"Efavirenz/Lamivudine/Tenofovir Disoproxil Fumarate 600/300/300mg, tablets, 30 Tabs","Efavirenz/Lamivudine/Tenofovir Disoproxil Fumarate 600/300/300mg, tablets, 30 Tabs",600/300/300mg,30,15080,Weight Captured Separately,10.96,0.37,169.9
"HIV 1/2, Stat-Pak Dipstick Assay Kit, 30 Tests","HIV 1/2, Stat-Pak Dipstick Assay Kit, 30 Tests",,30,594,63,27.6,0.92,19.3
"Efavirenz 50mg, capsule, 30 Caps","Efavirenz 50mg, capsule, 30 Caps",50mg,30,20,Weight Captured Separately,3.32,0.11,0.08
"HIV 1/2, Stat-Pak Dipstick Assay Kit, 30 Tests","HIV 1/2, Stat-Pak Dipstick Assay Kit, 30 Tests",,30,517,56,27.6,0.92,16.79
"Lamivudine 10mg/ml, oral solution w/syringe, Bottle, 240 ml","Lamivudine 10mg/ml, oral solution w/syringe, Bottle, 240 ml",10mg/ml,240,2064,751,1.43,0.01,3.65
"Efavirenz 600mg, tablets, 30 Tabs","Efavirenz 600mg, tablets, 30 Tabs",600mg,30,38113,3077,4.13,0.14,339.37
"Etravirine 100mg [Intelence], tablets, 120 Tabs","Etravirine 100mg [Intelence], tablets, 120 Tabs",100mg,120,1,Weight Captured Separately,25.59,0.21,0.03
"Nevirapine 50mg, dispersible tablets, 60 Tabs","Nevirapine 50mg, dispersible tablets, 60 Tabs",50mg,60,3900,321,1.85,0.03,7.42
"Lamivudine 150mg, tablets, 60 Tabs","Lamivudine 150mg, tablets, 60 Tabs",150mg,60,32070,1727,2.53,0.04,174.93
"HIV 1/2, Determine Complete HIV Kit, 100 Tests","HIV 1/2, Determine Complete HIV Kit, 100 Tests",,100,5,3,72,0.72,0.78
"Tenofovir Disoproxil Fumarate 300mg, tablets, 30 Tabs","Tenofovir Disoproxil Fumarate 300mg, tablets, 30 Tabs",300mg,30,96,See ASN-16472 (ID#:20383),4.49,0.15,0.6
"Abacavir 300mg, tablets, 60 Tabs","Abacavir 300mg, tablets, 60 Tabs",300mg,60,114,Weight Captured Separately,69.8,1.16,9.84
"HIV 1/2, Determine Complete HIV Kit, 100 Tests","HIV 1/2, Determine Complete HIV Kit, 100 Tests",,100,1,822,80,0.8,0.17
"HIV 1/2, Determine Complete HIV Kit, 100 Tests","HIV 1/2, Determine Complete HIV Kit, 100 Tests",,100,9935,4038,89,0.89,908.97
"Zidovudine 10mg/ml, oral solution, Bottle, 240 ml","Zidovudine 10mg/ml, oral solution, Bottle, 240 ml",10mg/ml,240,936,Weight Captured Separately,1.95,0.01,1.88
"Tenofovir Disoproxil Fumarate 300mg, tablets, 30 Tabs","Tenofovir Disoproxil Fumarate 300mg, tablets, 30 Tabs",300mg,30,22700,Weight Captured Separately,3.15,0.1,84.16
"Ritonavir 100mg [Norvir], capsules, cool, 84 Caps","Ritonavir 100mg [Norvir], capsules, cool, 84 Caps",100mg,84,320,Weight Captured Separately,10.35,0.12,7.14
"HIV 1/2, Determine Complete HIV Kit, 100 Tests","HIV 1/2, Determine Complete HIV Kit, 100 Tests",,100,4750,1930,80,0.8,390.64
"Lopinavir/Ritonavir 80/20mg/ml [Kaletra], oral solution, cool, Bottle 5 x 60 ml","Lopinavir/Ritonavir 80/20mg/ml [Kaletra], oral solution, cool, Bottle 5 x 60 ml",80/20mg/ml,300,4,Weight Captured Separately,23.45,0.08,0.12
"Lamivudine 10mg/ml, oral solution w/syringe, Bottle, 240 ml","Lamivudine 10mg/ml, oral solution w/syringe, Bottle, 240 ml",10mg/ml,240,11628,4382,3,0.01,75.21
"Lopinavir/Ritonavir 80/20mg/ml [Kaletra], oral solution, cool, Bottle 5 x 60 ml","Lopinavir/Ritonavir 80/20mg/ml [Kaletra], oral solution, cool, Bottle 5 x 60 ml",80/20mg/ml,300,20,52,60.82,0.2,1.5
"HIV 1/2, Determine Kit without Lancets, Buffer or Caplillary Tubes, 100 Tests","HIV 1/2, Determine Kit without Lancets, Buffer or Caplillary Tubes, 100 Tests",,100,2500,Weight Captured Separately,115.19,1.15,296.04
"Tenofovir Disoproxil Fumarate 300mg, tablets, 30 Tabs","Tenofovir Disoproxil Fumarate 300mg, tablets, 30 Tabs",300mg,30,11574,793,7.82,0.26,195.14
"Emtricitabine/Tenofovir Disoproxil Fumarate 200/300mg, tablets, 30 Tabs","Emtricitabine/Tenofovir Disoproxil Fumarate 200/300mg, tablets, 30 Tabs",200/300mg,30,13,Weight Captured Separately,21.83,0.73,0.29
"Raltegravir 400mg [Isentress], tablets, 60 Tabs","Raltegravir 400mg [Isentress], tablets, 60 Tabs",400mg,60,6,Weight Captured Separately,61.16,1.02,0.38
"Lamivudine/Zidovudine 150/300mg, tablets, 60 Tabs","Lamivudine/Zidovudine 150/300mg, tablets, 60 Tabs",150/300mg,60,165179,37127,6.49,0.11,1326.08
"HIV 1/2, Uni-Gold HIV Kit, 20 Tests","HIV 1/2, Uni-Gold HIV Kit, 20 Tests",,20,30,See ASN-24721 (ID#:13708),32,1.6,0.99
"Lamivudine/Nevirapine/Zidovudine 150/200/300mg, tablets, 60 Tabs","Lamivudine/Nevirapine/Zidovudine 150/200/300mg, tablets, 60 Tabs",150/300/200mg,60,20000,4168,8.1,0.13,166.54
"Lopinavir/Ritonavir 200/50mg [Aluvia], tablets, 120 Tabs","Lopinavir/Ritonavir 200/50mg [Aluvia], tablets, 120 Tabs",200/50mg,120,20000,4727,33.7,0.28,1112.1
"HIV 1/2, Determine Complete HIV Kit, 100 Tests","HIV 1/2, Determine Complete HIV Kit, 100 Tests",,100,8276,2050,89,0.89,1215.33
"HIV 1/2, OraQuick Rapid Antibody Kit, 100 Tests","HIV 1/2, OraQuick Rapid Antibody Kit, 100 Tests",,100,2000,5006,350,3.5,865.9
"HIV 1/2, Determine Complete HIV Kit, 100 Tests","HIV 1/2, Determine Complete HIV Kit, 100 Tests",,100,3073,1248,89,0.89,338.32
"Atazanavir 150mg [Reyataz], capsules, 60 Caps","Atazanavir 150mg [Reyataz], capsules, 60 Caps",150mg,60,3,Weight Captured Separately,15.9,0.26,0.05
"Lamivudine/Nevirapine/Zidovudine 150/200/300mg, tablets, 60 Tabs","Lamivudine/Nevirapine/Zidovudine 150/200/300mg, tablets, 60 Tabs",150/300/200mg,60,39045,5092,8.21,0.14,396.53
"Capillary Tubes, for Determine, EDTA, 50uL,100 Pcs","Capillary Tubes, for Determine, EDTA, 50uL,100 Pcs",,100,4,2,8,0.08,0.05
"Lopinavir/Ritonavir 80/20mg/ml [Kaletra], oral solution, cool, Bottle 5 x 60 ml","Lopinavir/Ritonavir 80/20mg/ml [Kaletra], oral solution, cool, Bottle 5 x 60 ml",80/20mg/ml,300,268,261,30.82,0.1,8.49
"HIV 1/2, Stat-Pak HIV, Kit, 20 Tests","HIV 1/2, Stat-Pak HIV, Kit, 20 Tests",,20,44,Weight Captured Separately,29,1.45,1.79
"Efavirenz/Lamivudine/Tenofovir Disoproxil Fumarate 600/300/300mg, tablets, 30 Tabs","Efavirenz/Lamivudine/Tenofovir Disoproxil Fumarate 600/300/300mg, tablets, 30 Tabs",600/300/300mg,30,4560,561,13.67,0.46,87.39
"Nevirapine 200mg, tablets, 60 Tabs","Nevirapine 200mg, tablets, 60 Tabs",200mg,60,57925,6220,2.72,0.05,259.97
"Nevirapine 200mg, tablets, 60 Tabs","Nevirapine 200mg, tablets, 60 Tabs",200mg,60,60300,3539,3.09,0.05,365.2
"Stavudine 30mg, capsules, 60 Caps","Stavudine 30mg, capsules, 60 Caps",30mg,60,15624,1056,1.45,0.02,48.84
"Nevirapine 200mg, tablets, 60 Tabs","Nevirapine 200mg, tablets, 60 Tabs",200mg,60,265,Weight Captured Separately,18.48,0.31,6.06
"Ritonavir 100mg [Norvir], film coated tablets, 60 Tabs","Ritonavir 100mg [Norvir], film coated tablets, 60 Tabs",100mg,60,429,62,6.85,0.11,4.12
"Efavirenz/Emtricitabine/Tenofovir Disoproxil Fumarate 600/200/300mg, tablets, 30 Tabs","Efavirenz/Emtricitabine/Tenofovir Disoproxil Fumarate 600/200/300mg, tablets, 30 Tabs",600/200/300mg,30,5000,Weight Captured Separately,37.16,1.24,218.66
"Chase Buffer, Determine, 100 Tests, 2.5ml x 1 Vial","Chase Buffer, Determine, 100 Tests, 2.5ml x 1 Vial",,1,45,See ASN-19428 (ID#:12981),5,5,0.28
"Lamivudine 150mg, tablets, 60 Tabs","Lamivudine 150mg, tablets, 60 Tabs",150mg,60,76554,Weight Captured Separately,2.37,0.04,391.17
"HIV 1/2, Uni-Gold HIV Kit, 20 Tests","HIV 1/2, Uni-Gold HIV Kit, 20 Tests",,20,5500,1907,32,1.6,344.96
"Lamivudine 150mg, tablets, 60 Tabs","Lamivudine 150mg, tablets, 60 Tabs",150mg,60,2000,Weight Captured Separately,9.71,0.16,38.04
"Tenofovir Disoproxil Fumarate 300mg, tablets, 30 Tabs","Tenofovir Disoproxil Fumarate 300mg, tablets, 30 Tabs",300mg,30,54008,3658,6.47,0.22,576.56
"HIV 1/2, Uni-Gold HIV Kit, 20 Tests","HIV 1/2, Uni-Gold HIV Kit, 20 Tests",,20,749,262,32,1.6,33.6
"HIV 1/2, Determine Complete HIV Kit, 100 Tests","HIV 1/2, Determine Complete HIV Kit, 100 Tests",,100,2578,1427,89,0.89,494.68
"HIV 1/2, Determine Complete HIV Kit, 100 Tests","HIV 1/2, Determine Complete HIV Kit, 100 Tests",,100,504,204,80,0.8,41.45
"HIV 1/2, Determine Complete HIV Kit, 100 Tests","HIV 1/2, Determine Complete HIV Kit, 100 Tests",,100,3047,1323,80,0.8,301.53
"Efavirenz 50mg, capsule, 30 Caps","Efavirenz 50mg, capsule, 30 Caps",50mg,30,33000,2343,1.56,0.05,52.92
"Abacavir 20mg/ml [Ziagen], oral solution, Bottle, 240 ml","Abacavir 20mg/ml [Ziagen], oral solution, Bottle, 240 ml",20mg/ml,240,42,Weight Captured Separately,20.72,0.09,1.08
"Efavirenz/Lamivudine/Tenofovir Disoproxil Fumarate 600/300/300mg, tablets, 30 Tabs","Efavirenz/Lamivudine/Tenofovir Disoproxil Fumarate 600/300/300mg, tablets, 30 Tabs",600/300/300mg,30,3096,See ASN-27809 (ID#:13106),10.5,0.35,33.42
"Raltegravir 400mg [Isentress], tablets, 60 Tabs","Raltegravir 400mg [Isentress], tablets, 60 Tabs",400mg,60,390,39,55.5,0.92,30.35
"Efavirenz 600mg, tablets, 30 Tabs","Efavirenz 600mg, tablets, 30 Tabs",600mg,30,29672,Weight Captured Separately,17.67,0.59,1027.64
"Raltegravir 400mg [Isentress], tablets, 60 Tabs","Raltegravir 400mg [Isentress], tablets, 60 Tabs",400mg,60,12,Weight Captured Separately,65.75,1.1,0.81
"Nevirapine 50mg, dispersible tablets (tablets for oral suspension), 30 Tabs","Nevirapine 50mg, dispersible tablets (tablets for oral suspension), 30 Tabs",50mg,30,625,34,1.25,0.04,0.97
"Lamivudine/Nevirapine/Zidovudine 150/200/300mg, tablets, 60 Tabs","Lamivudine/Nevirapine/Zidovudine 150/200/300mg, tablets, 60 Tabs",150/300/200mg,60,250000,34074,8.11,0.14,2084.27
"Abacavir 300mg, tablets, 60 Tabs","Abacavir 300mg, tablets, 60 Tabs",300mg,60,50,Weight Captured Separately,77.15,1.29,4.77
"Didanosine 25mg [Videx], chewable tablets, 60 Tabs","Didanosine 25mg [Videx], chewable tablets, 60 Tabs",25mg,60,8,Weight Captured Separately,15.18,0.25,0.26
"Darunavir 300mg [Prezista], tablets, 120 Tabs","Darunavir 300mg [Prezista], tablets, 120 Tabs",300mg,120,287,See ASN-22706 (ID#:46447),66.6,0.55,23.64
"Zidovudine 300mg, tablets, 60 Tabs","Zidovudine 300mg, tablets, 60 Tabs",300mg,60,32,Weight Captured Separately,24.71,0.41,0.81
"HIV 1/2, Uni-Gold HIV Kit, 20 Tests","HIV 1/2, Uni-Gold HIV Kit, 20 Tests",,20,10,See ASN-31765 (ID#:41640),32,1.6,0.38
"Zidovudine 300mg, tablets, 60 Tabs","Zidovudine 300mg, tablets, 60 Tabs",300mg,60,70030,3534,7.33,0.12,1106.72
"Chase Buffer, Determine, 100 Tests, 2.5ml x 1 Vial","Chase Buffer, Determine, 100 Tests, 2.5ml x 1 Vial",,1,115,See ASN-19142 (ID#:22600),5,5,0.71
"Didanosine 250mg, delayed-release capsules, 30 Caps","Didanosine 250mg, delayed-release capsules, 30 Caps",250mg,30,6,Weight Captured Separately,15.25,0.51,0.09
"HIV 1/2, Uni-Gold HIV Kit, 20 Tests","HIV 1/2, Uni-Gold HIV Kit, 20 Tests",,20,9,See ASN-31750 (ID#:19272),32,1.6,0.34
"Abacavir 20mg/ml, oral solution, Bottle, 240 ml","Abacavir 20mg/ml, oral solution, Bottle, 240 ml",20mg/ml,240,191,Weight Captured Separately,21.71,0.09,4.88
"HIV 1/2, Determine Complete HIV Kit, 100 Tests","HIV 1/2, Determine Complete HIV Kit, 100 Tests",,100,2796,1133,80,0.8,276.69
"HIV 1/2, Determine Complete HIV Kit, 100 Tests","HIV 1/2, Determine Complete HIV Kit, 100 Tests",,100,250,See ASN-20331 (ID#:34113),89,0.89,27.52
"Ritonavir 100mg [Norvir], film coated tablets, 60 Tabs","Ritonavir 100mg [Norvir], film coated tablets, 60 Tabs",100mg,60,110,43,6.85,0.11,1.24
"Efavirenz/Emtricitabine/Tenofovir Disoproxil Fumarate 600/200/300mg [Atripla], tablets, 30 Tabs","Efavirenz/Emtricitabine/Tenofovir Disoproxil Fumarate 600/200/300mg [Atripla], tablets, 30 Tabs",600/200/300mg,30,6960,Weight Captured Separately,50.4,1.68,687.54
"HIV 1/2, Determine Complete HIV Kit, 100 Tests","HIV 1/2, Determine Complete HIV Kit, 100 Tests",,100,4000,Weight Captured Separately,116.5,1.16,576.44
"Tenofovir Disoproxil Fumarate 300mg, tablets, 30 Tabs","Tenofovir Disoproxil Fumarate 300mg, tablets, 30 Tabs",300mg,30,124312,11603,6.65,0.22,1364.01
"Efavirenz/Lamivudine/Tenofovir Disoproxil Fumarate 600/300/300mg, tablets, 30 Tabs","Efavirenz/Lamivudine/Tenofovir Disoproxil Fumarate 600/300/300mg, tablets, 30 Tabs",600/300/300mg,30,60000,6778,11.49,0.38,852.79
"Lamivudine/Nevirapine/Zidovudine 150/200/300mg, tablets, 60 Tabs","Lamivudine/Nevirapine/Zidovudine 150/200/300mg, tablets, 60 Tabs",150/300/200mg,60,7000,974,8.1,0.13,58.29
"HIV 1/2, Genie III Kit, 50 Tests","HIV 1/2, Genie III Kit, 50 Tests",,50,900,Weight Captured Separately,91,1.82,114.82
"Efavirenz 50mg, capsule, 30 Caps","Efavirenz 50mg, capsule, 30 Caps",50mg,30,4910,Weight Captured Separately,3.81,0.13,36.65
"Efavirenz 200mg, capsule, 90 Caps","Efavirenz 200mg, capsule, 90 Caps",200mg,90,46,Weight Captured Separately,26.02,0.29,1.48
"Didanosine EC 400mg [Videx EC], delayed-release capsules, Blister 3 x 10 Caps","Didanosine EC 400mg [Videx EC], delayed-release capsules, Blister 3 x 10 Caps",400mg,30,30,Weight Captured Separately,28.2,0.94,1.82
"Didanosine 250mg, delayed-release capsules, 30 Caps","Didanosine 250mg, delayed-release capsules, 30 Caps",250mg,30,8,Weight Captured Separately,17.02,0.57,0.17
"HIV 1/2, Uni-Gold HIV Kit, 20 Tests","HIV 1/2, Uni-Gold HIV Kit, 20 Tests",,20,70,See ASN-28279 (ID#:13547),32,1.6,2.3
"Abacavir 300mg, tablets, 60 Tabs","Abacavir 300mg, tablets, 60 Tabs",300mg,60,151,749,15.89,0.26,5.17
"Chase Buffer, Determine, 100 Tests, 2.5ml x 1 Vial","Chase Buffer, Determine, 100 Tests, 2.5ml x 1 Vial",,1,6500,See ASN-31132 (ID#:36641),5,5,38.25
"Stavudine 30mg, capsules, 60 Caps","Stavudine 30mg, capsules, 60 Caps",30mg,60,10416,See ASN-6266 (ID#:15368),1.45,0.02,29.6
"Lamivudine/Tenofovir Disoproxil Fumarate 300/300mg, tablets, 30 Tabs","Lamivudine/Tenofovir Disoproxil Fumarate 300/300mg, tablets, 30 Tabs",300/300mg,30,18000,1764,4.65,0.16,86.04
"Zidovudine 300mg, tablets, 60 Tabs","Zidovudine 300mg, tablets, 60 Tabs",300mg,60,6160,356,6.5,0.11,41.16
"Nevirapine 200mg, tablets, 60 Tabs","Nevirapine 200mg, tablets, 60 Tabs",200mg,60,78000,5163,2.18,0.04,174.8
"Emtricitabine/Tenofovir Disoproxil Fumarate 200/300mg, tablets, 30 Tabs","Emtricitabine/Tenofovir Disoproxil Fumarate 200/300mg, tablets, 30 Tabs",200/300mg,30,11,Weight Captured Separately,30.21,1.01,0.34
"Efavirenz 50mg, capsule, 30 Caps","Efavirenz 50mg, capsule, 30 Caps",50mg,30,168,8,2,0.07,0.42
"Tenofovir Disoproxil Fumarate 300mg, tablets, 30 Tabs","Tenofovir Disoproxil Fumarate 300mg, tablets, 30 Tabs",300mg,30,82500,5624,6.86,0.23,933.82
"HIV 1/2, Determine Complete HIV Kit, 100 Tests","HIV 1/2, Determine Complete HIV Kit, 100 Tests",,100,4817,2305,80,0.8,755.31
"Lamivudine/Zidovudine+Efavirenz 150/300mg+600mg, tablets, co-blister 60+30 Tabs","Lamivudine/Zidovudine+Efavirenz 150/300mg+600mg, tablets, co-blister 60+30 Tabs",150/300mg+600mg,90,20000,3295,13.6,0.15,448.8
"Didanosine 400mg, delayed-release capsules, 30 Caps","Didanosine 400mg, delayed-release capsules, 30 Caps",400mg,30,58,Weight Captured Separately,18.42,0.61,1.32
"Didanosine 25mg [Videx], chewable tablets, 60 Tabs","Didanosine 25mg [Videx], chewable tablets, 60 Tabs",25mg,60,3000,See ASN-13952 (ID#:16173),7,0.12,34.65
"Didanosine 400mg, delayed-release capsules, 30 Caps","Didanosine 400mg, delayed-release capsules, 30 Caps",400mg,30,6,Weight Captured Separately,14.22,0.47,0.09
"Tenofovir Disoproxil Fumarate 300mg, tablets, 30 Tabs","Tenofovir Disoproxil Fumarate 300mg, tablets, 30 Tabs",300mg,30,250,24,0.01,0,0
"Lamivudine 10mg/ml, oral solution, Bottle, 240 ml","Lamivudine 10mg/ml, oral solution, Bottle, 240 ml",10mg/ml,240,36,Weight Captured Separately,6.33,0.03,0.27
"HIV 1/2, Determine Complete HIV Kit, 100 Tests","HIV 1/2, Determine Complete HIV Kit, 100 Tests",,100,4500,1825,100,1,462.6
"Lopinavir/Ritonavir 80/20mg/ml [Kaletra], oral solution, cool, Bottle 5 x 60 ml","Lopinavir/Ritonavir 80/20mg/ml [Kaletra], oral solution, cool, Bottle 5 x 60 ml",80/20mg/ml,300,100,Weight Captured Separately,48.35,0.16,9.48
"HIV 1/2, Determine Complete HIV Kit, 100 Tests","HIV 1/2, Determine Complete HIV Kit, 100 Tests",,100,2835,1094,80,0.8,374.22
"Lopinavir/Ritonavir 200/50mg, tablets, 120 Tabs","Lopinavir/Ritonavir 200/50mg, tablets, 120 Tabs",200/50mg,120,740,203,37.5,0.31,59.83
"Tenofovir Disoproxil Fumarate 300mg, tablets, 30 Tabs","Tenofovir Disoproxil Fumarate 300mg, tablets, 30 Tabs",300mg,30,1680,See ASN-6250 (ID#:17228),7.5,0.25,24.7
"Atazanavir 150mg [Reyataz], capsules, 60 Caps","Atazanavir 150mg [Reyataz], capsules, 60 Caps",150mg,60,6,Weight Captured Separately,22,0.37,0.14
"Zidovudine 300mg, tablets, 60 Tabs","Zidovudine 300mg, tablets, 60 Tabs",300mg,60,7,Weight Captured Separately,24.95,0.42,0.18
"HIV 1/2, Uni-Gold HIV Kit, 20 Tests","HIV 1/2, Uni-Gold HIV Kit, 20 Tests",,20,7000,2304,32,1.6,482.94
"Lopinavir/Ritonavir 200/50mg [Aluvia], tablets, 120 Tabs","Lopinavir/Ritonavir 200/50mg [Aluvia], tablets, 120 Tabs",200/50mg,120,10560,2598,36.16,0.3,748.43
"Zidovudine 300mg [Retrovir], tablets, 60 Tabs","Zidovudine 300mg [Retrovir], tablets, 60 Tabs",300mg,60,2,Weight Captured Separately,15.86,0.26,0.04
"HIV 1/2, Uni-Gold HIV Kit, 20 Tests","HIV 1/2, Uni-Gold HIV Kit, 20 Tests",,20,520,177,32,1.6,27.46
"Didanosine 25mg [Videx], chewable tablets, 60 Tabs","Didanosine 25mg [Videx], chewable tablets, 60 Tabs",25mg,60,120,26,7,0.12,1.18
"Efavirenz 600mg, tablets, 30 Tabs","Efavirenz 600mg, tablets, 30 Tabs",600mg,30,120,10,4.51,0.15,1.17
"HIV 1/2, Determine Complete HIV Kit, 100 Tests","HIV 1/2, Determine Complete HIV Kit, 100 Tests",,100,150,66,80,0.8,12.34
"Tenofovir Disoproxil Fumarate 300mg, tablets, 30 Tabs","Tenofovir Disoproxil Fumarate 300mg, tablets, 30 Tabs",300mg,30,112595,7991,6.47,0.22,1202.01
"Abacavir 300mg, tablets, 60 Tabs","Abacavir 300mg, tablets, 60 Tabs",300mg,60,2160,See ASN-18919 (ID#:14578),11.5,0.19,30.73
"HIV 1/2, Bioline 3.0 Kit, (no accessories), 30 Tests","HIV 1/2, Bioline 3.0 Kit, (no accessories), 30 Tests",,30,11990,3997,24,0.8,564.01
"Lamivudine 10mg/ml, oral solution, Bottle, 240 ml","Lamivudine 10mg/ml, oral solution, Bottle, 240 ml",10mg/ml,240,1650,See ASN-27659 (ID#:16881),1.43,0.01,2.43
"Zidovudine 300mg, tablets, 60 Tabs","Zidovudine 300mg, tablets, 60 Tabs",300mg,60,11500,632,5.43,0.09,77.24
"Lamivudine/Nevirapine/Stavudine 150/200/30mg, tablets, 60 Tabs","Lamivudine/Nevirapine/Stavudine 150/200/30mg, tablets, 60 Tabs",150/200/30mg,60,63410,6589,4.39,0.07,390.27
"Abacavir 20mg/ml [Ziagen], oral solution, Bottle, 240 ml","Abacavir 20mg/ml [Ziagen], oral solution, Bottle, 240 ml",20mg/ml,240,32000,12374,10.02,0.04,529.06
"HIV 1/2, Determine Complete HIV Kit, 100 Tests","HIV 1/2, Determine Complete HIV Kit, 100 Tests",,100,6000,2432,80,0.8,493.44
"HIV 1/2, Determine Complete HIV Kit, 100 Tests","HIV 1/2, Determine Complete HIV Kit, 100 Tests",,100,2018,Weight Captured Separately,80,0.8,190.01
"Lamivudine/Zidovudine 150/300mg, tablets, 60 Tabs","Lamivudine/Zidovudine 150/300mg, tablets, 60 Tabs",150/300mg,60,31806,See ASN-30463 (ID#:15460),6.61,0.11,216.12
"Nevirapine 200mg, tablets, 60 Tabs","Nevirapine 200mg, tablets, 60 Tabs",200mg,60,206475,12077,2.43,0.04,1081.74
"Abacavir 300mg, tablets, 60 Tabs","Abacavir 300mg, tablets, 60 Tabs",300mg,60,91,Weight Captured Separately,76.11,1.27,8.57
"Lamivudine/Stavudine 30/6mg, dispersible tablets, 60 Tabs","Lamivudine/Stavudine 30/6mg, dispersible tablets, 60 Tabs",30/6mg,60,408,26,1.9,0.03,1.09
"Efavirenz/Lamivudine/Tenofovir Disoproxil Fumarate 600/300/300mg, tablets, 30 Tabs","Efavirenz/Lamivudine/Tenofovir Disoproxil Fumarate 600/300/300mg, tablets, 30 Tabs",600/300/300mg,30,5244,Weight Captured Separately,17.48,0.58,197.63
"Capillary Tubes, for Determine, EDTA, 50uL,100 Pcs","Capillary Tubes, for Determine, EDTA, 50uL,100 Pcs",,100,115,See ASN-29409 (ID#:20185),8,0.08,0.95
"HIV 1/2, Determine Complete HIV Kit, 100 Tests","HIV 1/2, Determine Complete HIV Kit, 100 Tests",,100,6360,2579,89,0.89,666.23
"HIV 1/2, Determine Complete HIV Kit, 100 Tests","HIV 1/2, Determine Complete HIV Kit, 100 Tests",,100,898,364,89,0.89,98.86
"Nevirapine 200mg, tablets, 60 Tabs","Nevirapine 200mg, tablets, 60 Tabs",200mg,60,15945,1479,2.25,0.04,50.3
"Efavirenz 600mg, tablets, 30 Tabs","Efavirenz 600mg, tablets, 30 Tabs",600mg,30,9572,Weight Captured Separately,4.51,0.15,93.07
"Efavirenz 600mg, tablets, 30 Tabs","Efavirenz 600mg, tablets, 30 Tabs",600mg,30,757,Weight Captured Separately,14.88,0.5,13.93
"Abacavir 300mg, tablets, 60 Tabs","Abacavir 300mg, tablets, 60 Tabs",300mg,60,540,See ASN-9568 (ID#:29427),15,0.25,17.46
"HIV 1/2, Determine Complete HIV Kit, 100 Tests","HIV 1/2, Determine Complete HIV Kit, 100 Tests",,100,1800,730,80,0.8,178.13
"Lamivudine/Nevirapine/Zidovudine 150/200/300mg, tablets, 60 Tabs","Lamivudine/Nevirapine/Zidovudine 150/200/300mg, tablets, 60 Tabs",150/300/200mg,60,25000,See ASN-9118 (ID#:42125),11,0.18,592.9
"HIV 1/2, OraQuick Advance HIV Rapid Antibody Kit, 100 Tests","HIV 1/2, OraQuick Advance HIV Rapid Antibody Kit, 100 Tests",,100,100,240,350,3.5,75.46
"HIV 1/2, Uni-Gold HIV Kit, 20 Tests","HIV 1/2, Uni-Gold HIV Kit, 20 Tests",,20,10500,3445,32,1.6,415.63
"HIV 1/2, Determine Complete HIV Kit, 100 Tests","HIV 1/2, Determine Complete HIV Kit, 100 Tests",,100,2685,1284,80,0.8,463.11
"Lopinavir/Ritonavir 80/20mg/ml [Kaletra], oral solution, cool, Bottle 5 x 60 ml","Lopinavir/Ritonavir 80/20mg/ml [Kaletra], oral solution, cool, Bottle 5 x 60 ml",80/20mg/ml,300,1251,1254,30.82,0.1,83.13
"Lopinavir/Ritonavir 80/20mg/ml [Kaletra], oral solution, cool, Bottle 5 x 60 ml","Lopinavir/Ritonavir 80/20mg/ml [Kaletra], oral solution, cool, Bottle 5 x 60 ml",80/20mg/ml,300,4,Weight Captured Separately,22.07,0.07,0.09
"Lamivudine 150mg, tablets, 60 Tabs","Lamivudine 150mg, tablets, 60 Tabs",150mg,60,9400,1030,1.8,0.03,19.91
"HIV 1/2, Determine Complete HIV Kit, 100 Tests","HIV 1/2, Determine Complete HIV Kit, 100 Tests",,100,2887,1247,89,0.89,360.23
"HIV 1/2, Determine Complete HIV Kit, 100 Tests","HIV 1/2, Determine Complete HIV Kit, 100 Tests",,100,2744,1235,89,0.89,342.39
"Zidovudine 10mg/ml, oral solution w/syringe, Bottle, 240 ml","Zidovudine 10mg/ml, oral solution w/syringe, Bottle, 240 ml",10mg/ml,240,471,See ASN-19098 (ID#:21556),2.1,0.01,1.22
"Lamivudine/Nevirapine/Zidovudine 30/50/60mg, dispersible tablets, 60 Tabs","Lamivudine/Nevirapine/Zidovudine 30/50/60mg, dispersible tablets, 60 Tabs",30/50/60mg,60,4095,176,4,0.07,20.26
"Lopinavir/Ritonavir 200/50mg [Aluvia], tablets, 120 Tabs","Lopinavir/Ritonavir 200/50mg [Aluvia], tablets, 120 Tabs",200/50mg,120,47,Weight Captured Separately,20.68,0.17,1.14
"HIV 1/2, SKB Colloidal Gold, Diagnostic Kit, Antibody, 50 Tests","HIV 1/2, SKB Colloidal Gold, Diagnostic Kit, Antibody, 50 Tests",,1,1100,780,24.5,24.5,37.78
"Lamivudine 10mg/ml, oral solution w/syringe, Bottle, 240 ml","Lamivudine 10mg/ml, oral solution w/syringe, Bottle, 240 ml",10mg/ml,240,11640,Weight Captured Separately,2.12,0.01,53.2
"Lamivudine/Zidovudine 150/300mg, tablets, 60 Tabs","Lamivudine/Zidovudine 150/300mg, tablets, 60 Tabs",150/300mg,60,6658,Weight Captured Separately,14.15,0.24,116.5
"HIV 1/2, Determine Complete HIV Kit, 100 Tests","HIV 1/2, Determine Complete HIV Kit, 100 Tests",,100,2891,1378,89,0.89,424.54
"Efavirenz 600mg, tablets, 30 Tabs","Efavirenz 600mg, tablets, 30 Tabs",600mg,30,39554,3823,3.3,0.11,134.18
"Lamivudine 150mg, tablets, 60 Tabs","Lamivudine 150mg, tablets, 60 Tabs",150mg,60,73,Weight Captured Separately,9.14,0.15,0.69
"Chase Buffer, Determine, 100 Tests, 2.5ml x 1 Vial","Chase Buffer, Determine, 100 Tests, 2.5ml x 1 Vial",,1,50,See ASN-16107 (ID#:32594),5,5,0.35
"HIV 1/2, Determine Complete HIV Kit, 100 Tests","HIV 1/2, Determine Complete HIV Kit, 100 Tests",,100,2000,See ASN-22818 (ID#:39794),80,0.8,197.92
"HIV 1/2, Uni-Gold HIV Kit, 20 Tests","HIV 1/2, Uni-Gold HIV Kit, 20 Tests",,20,50,26,32,1.6,3.45
"Zidovudine 300mg, tablets, 60 Tabs","Zidovudine 300mg, tablets, 60 Tabs",300mg,60,18,Weight Captured Separately,27.11,0.45,0.6
"Lamivudine 300mg, tablets, 30 Tabs","Lamivudine 300mg, tablets, 30 Tabs",300mg,30,100,Weight Captured Separately,2,0.07,0.24
"HIV 1/2, Determine Complete HIV Kit, 100 Tests","HIV 1/2, Determine Complete HIV Kit, 100 Tests",,100,339,See ASN-14092 (ID#:39053),89,0.89,42.3
"Efavirenz 50mg, capsule, 30 Caps","Efavirenz 50mg, capsule, 30 Caps",50mg,30,230,Weight Captured Separately,4.17,0.14,2.07
"Lamivudine 10mg/ml, oral solution, Bottle, 240 ml","Lamivudine 10mg/ml, oral solution, Bottle, 240 ml",10mg/ml,240,11,Weight Captured Separately,5.17,0.02,0.06
"Malaria, Antigen P.f., HRP2 CareStart Kit, 60 Tests","Malaria, Antigen P.f., HRP2 CareStart Kit, 60 Tests",,60,2159,5,23.4,0.39,70.83
"Didanosine 250mg, delayed-release capsules, 30 Caps","Didanosine 250mg, delayed-release capsules, 30 Caps",250mg,30,8,Weight Captured Separately,17.02,0.57,0.17
"HIV 1/2, Uni-Gold HIV Kit, 20 Tests","HIV 1/2, Uni-Gold HIV Kit, 20 Tests",,20,423,See ASN-28279 (ID#:13547),32,1.6,13.92
"Nevirapine 200mg, tablets, 60 Tabs","Nevirapine 200mg, tablets, 60 Tabs",200mg,60,22372,2655,2.92,0.05,140.84
"HIV 1/2, OraQuick Advance HIV Rapid Antibody Kit, 100 Tests","HIV 1/2, OraQuick Advance HIV Rapid Antibody Kit, 100 Tests",,100,25,Weight Captured Separately,350,3.5,10.3
"Abacavir 20mg/ml [Ziagen], oral solution, Bottle, 240 ml","Abacavir 20mg/ml [Ziagen], oral solution, Bottle, 240 ml",20mg/ml,240,6,Weight Captured Separately,24.05,0.1,0.18
"HIV 1/2, Determine Complete HIV Kit, 100 Tests","HIV 1/2, Determine Complete HIV Kit, 100 Tests",,100,100,Weight Captured Separately,89,0.89,10.48
"Tenofovir Disoproxil Fumarate 300mg, tablets, 30 Tabs","Tenofovir Disoproxil Fumarate 300mg, tablets, 30 Tabs",300mg,30,7146,See ASN-14321 (ID#:18629),5.5,0.18,64.85
"Lopinavir/Ritonavir 100/25mg [Aluvia], tablets, 60 Tabs","Lopinavir/Ritonavir 100/25mg [Aluvia], tablets, 60 Tabs",100/25mg,60,672,88,5.94,0.1,4.1
"HIV 1/2, Determine Complete HIV Kit, 100 Tests","HIV 1/2, Determine Complete HIV Kit, 100 Tests",,100,1729,667,80,0.8,228.23
"Efavirenz 600mg, tablets, 30 Tabs","Efavirenz 600mg, tablets, 30 Tabs",600mg,30,911,Weight Captured Separately,16.08,0.54,18.12
"Lopinavir/Ritonavir 200/50mg [Aluvia], tablets, 120 Tabs","Lopinavir/Ritonavir 200/50mg [Aluvia], tablets, 120 Tabs",200/50mg,120,7031,1720,60.82,0.51,528.97
"Efavirenz 600mg, tablets, 30 Tabs","Efavirenz 600mg, tablets, 30 Tabs",600mg,30,17701,1552,4.51,0.15,172.12
"Tenofovir Disoproxil Fumarate 300mg, tablets, 30 Tabs","Tenofovir Disoproxil Fumarate 300mg, tablets, 30 Tabs",300mg,30,42131,Weight Captured Separately,6.65,0.22,462.28
"HIV 1/2, Stat-Pak Buffer Only, 20 Tests","HIV 1/2, Stat-Pak Buffer Only, 20 Tests",,1,660,Weight Captured Separately,2.5,2.5,3.56
"HIV 1/2, Determine Complete HIV Kit, 100 Tests","HIV 1/2, Determine Complete HIV Kit, 100 Tests",,100,240,100,80,0.8,26.92
"Efavirenz 200mg, capsule, 90 Caps","Efavirenz 200mg, capsule, 90 Caps",200mg,90,50,Weight Captured Separately,32.73,0.36,3.53
"Abacavir 20mg/ml, oral solution, Bottle, 240 ml","Abacavir 20mg/ml, oral solution, Bottle, 240 ml",20mg/ml,240,26,Weight Captured Separately,19,0.08,0.51
"Tenofovir Disoproxil Fumarate 300mg, tablets, 30 Tabs","Tenofovir Disoproxil Fumarate 300mg, tablets, 30 Tabs",300mg,30,44293,2951,6.86,0.23,501.35
"HIV 1/2, Determine Complete HIV Kit, 100 Tests","HIV 1/2, Determine Complete HIV Kit, 100 Tests",,100,2744,1235,89,0.89,342.39
"Zidovudine 300mg, tablets, 60 Tabs","Zidovudine 300mg, tablets, 60 Tabs",300mg,60,10,Weight Captured Separately,24.95,0.42,0.26
"HIV 1/2, Determine Complete HIV Kit, 100 Tests","HIV 1/2, Determine Complete HIV Kit, 100 Tests",,100,672,277,80,0.8,55.27
"Lamivudine/Tenofovir Disoproxil Fumarate 300/300mg, tablets, 30 Tabs","Lamivudine/Tenofovir Disoproxil Fumarate 300/300mg, tablets, 30 Tabs",300/300mg,30,32400,3227,4.65,0.16,186.37
"Lamivudine 150mg, tablets, 60 Tabs","Lamivudine 150mg, tablets, 60 Tabs",150mg,60,50000,2504,2.6,0.04,280.28
"Nevirapine 200mg, tablets, 60 Tabs","Nevirapine 200mg, tablets, 60 Tabs",200mg,60,67,Weight Captured Separately,19.72,0.33,1.63
"Lamivudine/Tenofovir Disoproxil Fumarate 300/300mg, tablets, 30 Tabs","Lamivudine/Tenofovir Disoproxil Fumarate 300/300mg, tablets, 30 Tabs",300/300mg,30,82981,6683,9.36,0.31,1674.57
"HIV 1/2, Determine Complete HIV Kit, 100 Tests","HIV 1/2, Determine Complete HIV Kit, 100 Tests",,100,915,439,100,1,150.98
"HIV 1/2, SKB Colloidal Gold, Diagnostic Kit, Antibody, 50 Tests","HIV 1/2, SKB Colloidal Gold, Diagnostic Kit, Antibody, 50 Tests",,1,350,240,24.5,24.5,10.61
"HIV 1/2, Determine Complete HIV Kit, 100 Tests","HIV 1/2, Determine Complete HIV Kit, 100 Tests",,100,10000,2951,89,0.89,1468.5
"Lamivudine 150mg [Epivir], tablets, 60 Tabs","Lamivudine 150mg [Epivir], tablets, 60 Tabs",150mg,60,983,Weight Captured Separately,10.28,0.17,11.9
"Lamivudine/Zidovudine 150/300mg, tablets, 60 Tabs","Lamivudine/Zidovudine 150/300mg, tablets, 60 Tabs",150/300mg,60,25000,2275,8.36,0.14,450.6
"Lamivudine/Zidovudine 150/300mg, tablets, 60 Tabs","Lamivudine/Zidovudine 150/300mg, tablets, 60 Tabs",150/300mg,60,21080,1716,9,0.15,371.85
"Didanosine 250mg, delayed-release capsules, 30 Caps","Didanosine 250mg, delayed-release capsules, 30 Caps",250mg,30,64,Weight Captured Separately,15.42,0.51,1.22
"HIV 1/2, Determine Complete HIV Kit, 100 Tests","HIV 1/2, Determine Complete HIV Kit, 100 Tests",,100,2880,1249,89,0.89,359.36
"Stavudine 1mg/ml, powder for oral solution, 200 ml","Stavudine 1mg/ml, powder for oral solution, 200 ml",1mg/ml,200,1700,Weight Captured Separately,2.51,0.01,8.37
"Lopinavir/Ritonavir 100/25mg [Aluvia], tablets, 60 Tabs","Lopinavir/Ritonavir 100/25mg [Aluvia], tablets, 60 Tabs",100/25mg,60,300,44,9.04,0.15,5.85
"Indinavir 400mg [Crixivan], capsules, 180 Caps","Indinavir 400mg [Crixivan], capsules, 180 Caps",400mg,180,36,Weight Captured Separately,50,0.28,2.23
"Tenofovir Disoproxil Fumarate 300mg, tablets, 30 Tabs","Tenofovir Disoproxil Fumarate 300mg, tablets, 30 Tabs",300mg,30,10000,865,6,0.2,99
"Tenofovir Disoproxil Fumarate 300mg, tablets, 30 Tabs","Tenofovir Disoproxil Fumarate 300mg, tablets, 30 Tabs",300mg,30,768,55,5.69,0.19,6.13
"Atazanavir/Ritonavir 300/100mg, tablets, 30 Tabs","Atazanavir/Ritonavir 300/100mg, tablets, 30 Tabs",300/100mg,30,2500,343,20,0.67,51.4
"HIV 1/2, Uni-Gold HIV Kit, 20 Tests","HIV 1/2, Uni-Gold HIV Kit, 20 Tests",,20,1000,347,32,1.6,62.72
"Efavirenz 600mg, tablets, 30 Tabs","Efavirenz 600mg, tablets, 30 Tabs",600mg,30,33000,See ASN-11362 (ID#:47253),4.1,0.14,223.24
"HIV 1/2, Uni-Gold HIV Kit, 20 Tests","HIV 1/2, Uni-Gold HIV Kit, 20 Tests",,20,412,123,32,1.6,16.31
"Lamivudine/Nevirapine/Zidovudine 150/200/300mg, tablets, 60 Tabs","Lamivudine/Nevirapine/Zidovudine 150/200/300mg, tablets, 60 Tabs",150/300/200mg,60,6900,See ASN-19787 (ID#:13978),8.21,0.14,70.07
"HIV 1/2, Determine Complete HIV Kit, 100 Tests","HIV 1/2, Determine Complete HIV Kit, 100 Tests",,100,1364,553,80,0.8,112.18
"Lopinavir/Ritonavir 100/25mg [Aluvia], tablets, 60 Tabs","Lopinavir/Ritonavir 100/25mg [Aluvia], tablets, 60 Tabs",100/25mg,60,724,82,5.94,0.1,4.42
"Efavirenz 600mg, tablets, 30 Tabs","Efavirenz 600mg, tablets, 30 Tabs",600mg,30,167716,10803,3.19,0.11,549.99
"Abacavir 20mg/ml [Ziagen], oral solution, Bottle, 240 ml","Abacavir 20mg/ml [Ziagen], oral solution, Bottle, 240 ml",20mg/ml,240,17337,6680,9.28,0.04,265.46
"HIV 1/2, Stat-Pak HIV, Kit, 20 Tests","HIV 1/2, Stat-Pak HIV, Kit, 20 Tests",,20,1900,763,29,1.45,68.16
"Tenofovir Disoproxil Fumarate 300mg, tablets, 30 Tabs","Tenofovir Disoproxil Fumarate 300mg, tablets, 30 Tabs",300mg,30,36,Weight Captured Separately,14.85,0.5,0.55
"Efavirenz 600mg, tablets, 30 Tabs","Efavirenz 600mg, tablets, 30 Tabs",600mg,30,71348,4334,3.19,0.11,281.54
"HIV 1/2, Uni-Gold HIV Kit, 20 Tests","HIV 1/2, Uni-Gold HIV Kit, 20 Tests",,20,2,See ASN-26738 (ID#:15115),32,1.6,0.07
"Lopinavir/Ritonavir 100/25mg [Aluvia], tablets, 60 Tabs","Lopinavir/Ritonavir 100/25mg [Aluvia], tablets, 60 Tabs",100/25mg,60,1395,188,7.71,0.13,17.75
"Lamivudine/Nevirapine/Zidovudine 150/200/300mg, tablets, 60 Tabs","Lamivudine/Nevirapine/Zidovudine 150/200/300mg, tablets, 60 Tabs",150/300/200mg,60,60678,8402,8.1,0.13,607.98
"HIV 1/2, Determine Complete HIV Kit, 100 Tests","HIV 1/2, Determine Complete HIV Kit, 100 Tests",,100,3154,1279,89,0.89,288.57
"HIV 1/2, Uni-Gold HIV Kit, 20 Tests","HIV 1/2, Uni-Gold HIV Kit, 20 Tests",,20,132,50,32,1.6,6.97
"Emtricitabine/Tenofovir Disoproxil Fumarate 200/300mg [Truvada], tablets, 30 Tabs","Emtricitabine/Tenofovir Disoproxil Fumarate 200/300mg [Truvada], tablets, 30 Tabs",300/200mg,30,200,Weight Captured Separately,46.91,1.56,20.23
"Didanosine 400mg, delayed-release capsules, 30 Caps","Didanosine 400mg, delayed-release capsules, 30 Caps",400mg,30,23,Weight Captured Separately,21.87,0.73,0.62
"Didanosine 250mg, delayed-release capsules, 30 Caps","Didanosine 250mg, delayed-release capsules, 30 Caps",250mg,30,1625,111,13,0.43,34.86
"Lamivudine/Nevirapine/Zidovudine 150/200/300mg, tablets, 60 Tabs","Lamivudine/Nevirapine/Zidovudine 150/200/300mg, tablets, 60 Tabs",150/300/200mg,60,10000,See ASN-27943 (ID#:13904),8.1,0.13,83.27
"Lamivudine/Tenofovir Disoproxil Fumarate 300/300mg, tablets, 30 Tabs","Lamivudine/Tenofovir Disoproxil Fumarate 300/300mg, tablets, 30 Tabs",300/300mg,30,2800,273,5.35,0.18,21
"HIV 1/2, Determine HIV Kit, without Lancets, 100 Tests","HIV 1/2, Determine HIV Kit, without Lancets, 100 Tests",,100,275,64,77.7,0.78,46.07
"HIV 1/2, Bioline 3.0 Kit, Lancets, Capillary pipets, Alcohol swabs included, 25 Tests","HIV 1/2, Bioline 3.0 Kit, Lancets, Capillary pipets, Alcohol swabs included, 25 Tests",,25,70,25,20,0.8,2.31
"Nevirapine 10mg/ml, oral suspension w/syringe, Bottle, 240 ml","Nevirapine 10mg/ml, oral suspension w/syringe, Bottle, 240 ml",10mg/ml,240,2040,820,1.51,0.01,3.81
"Lopinavir/Ritonavir 80/20mg/ml [Kaletra], oral solution, cool, Bottle 5 x 60 ml","Lopinavir/Ritonavir 80/20mg/ml [Kaletra], oral solution, cool, Bottle 5 x 60 ml",80/20mg/ml,300,51,99,82.2,0.27,6.92
"Abacavir 20mg/ml, oral solution w/syringe, Bottle, 240 ml","Abacavir 20mg/ml, oral solution w/syringe, Bottle, 240 ml",20mg/ml,240,34,Weight Captured Separately,27.42,0.11,1.15
"Lopinavir/Ritonavir 80/20mg/ml [Kaletra], oral solution, cool, Bottle 5 x 60 ml","Lopinavir/Ritonavir 80/20mg/ml [Kaletra], oral solution, cool, Bottle 5 x 60 ml",80/20mg/ml,300,188,221,30.82,0.1,5.96
"HIV 1/2, Determine Complete HIV Kit, 100 Tests","HIV 1/2, Determine Complete HIV Kit, 100 Tests",,100,6340,2571,89,0.89,580.06
"Atazanavir 150mg, capsules, 60 Caps","Atazanavir 150mg, capsules, 60 Caps",150mg,60,384,40,26.09,0.43,19.64
"Efavirenz/Lamivudine/Tenofovir Disoproxil Fumarate 600/300/300mg, tablets, 30 Tabs","Efavirenz/Lamivudine/Tenofovir Disoproxil Fumarate 600/300/300mg, tablets, 30 Tabs",600/300/300mg,30,42392,See ASN-14517 (ID#:44737),14.1,0.47,838.01
"Lopinavir/Ritonavir 80/20mg/ml [Kaletra], oral solution, cool, Bottle 5 x 60 ml","Lopinavir/Ritonavir 80/20mg/ml [Kaletra], oral solution, cool, Bottle 5 x 60 ml",80/20mg/ml,300,2,Weight Captured Separately,22.06,0.07,0.05
"Efavirenz 600mg, tablets, 30 Tabs","Efavirenz 600mg, tablets, 30 Tabs",600mg,30,47716,3077,3.19,0.11,156.48
"HIV 1/2, SKB Colloidal Gold, Diagnostic Kit, Antibody, 50 Tests","HIV 1/2, SKB Colloidal Gold, Diagnostic Kit, Antibody, 50 Tests",,1,23,21,24.5,24.5,0.79
"Lamivudine/Zidovudine 30/60mg, dispersible tablets, 60 Tabs","Lamivudine/Zidovudine 30/60mg, dispersible tablets, 60 Tabs",30/60mg,60,11022,1976,1.99,0.03,22.55
"Emtricitabine/Tenofovir Disoproxil Fumarate 200/300mg, tablets, 30 Tabs","Emtricitabine/Tenofovir Disoproxil Fumarate 200/300mg, tablets, 30 Tabs",200/300mg,30,100000,9389,7.35,0.24,1030.47
"HIV 1/2, Determine Complete HIV Kit, 100 Tests","HIV 1/2, Determine Complete HIV Kit, 100 Tests",,100,1000,399,92,0.92,151.8
"Lamivudine 10mg/ml, oral solution, Bottle, 240 ml","Lamivudine 10mg/ml, oral solution, Bottle, 240 ml",10mg/ml,240,4,Weight Captured Separately,5.17,0.02,0.02
"HIV 1/2, Determine Complete HIV Kit, 100 Tests","HIV 1/2, Determine Complete HIV Kit, 100 Tests",,100,4657,2307,89,0.89,487.83
"Atazanavir 150mg [Reyataz], capsules, 60 Caps","Atazanavir 150mg [Reyataz], capsules, 60 Caps",150mg,60,9,Weight Captured Separately,15.9,0.26,0.15
"Abacavir 20mg/ml [Ziagen], oral solution, Bottle, 240 ml","Abacavir 20mg/ml [Ziagen], oral solution, Bottle, 240 ml",20mg/ml,240,91,Weight Captured Separately,22.8,0.1,2.57
"Stavudine 30mg, capsules, 60 Caps","Stavudine 30mg, capsules, 60 Caps",30mg,60,24612,4762,1.45,0.02,69.95
"Lamivudine 150mg, tablets, 60 Tabs","Lamivudine 150mg, tablets, 60 Tabs",150mg,60,33711,1810,2.53,0.04,183.88
"Lamivudine/Nevirapine/Zidovudine 150/200/300mg, tablets, 60 Tabs","Lamivudine/Nevirapine/Zidovudine 150/200/300mg, tablets, 60 Tabs",150/300/200mg,60,30096,4278,8.21,0.14,305.65
"Lamivudine/Tenofovir Disoproxil Fumarate 300/300mg, tablets, 30 Tabs","Lamivudine/Tenofovir Disoproxil Fumarate 300/300mg, tablets, 30 Tabs",300/300mg,30,32426,3234,4.65,0.16,186.52
"Zidovudine 300mg, tablets, 60 Tabs","Zidovudine 300mg, tablets, 60 Tabs",300mg,60,7,Weight Captured Separately,18.03,0.3,0.13
"Abacavir/Lamivudine 600/300mg, scored tablets, 30 Tabs","Abacavir/Lamivudine 600/300mg, scored tablets, 30 Tabs",600/300mg,30,1461,154780,20.5,0.68,64.57
"Didanosine 400mg, delayed-release capsules, 30 Caps","Didanosine 400mg, delayed-release capsules, 30 Caps",400mg,30,1467,114,20,0.67,41.13
"HIV 1/2, Determine Complete HIV Kit, 100 Tests","HIV 1/2, Determine Complete HIV Kit, 100 Tests",,100,1,1370,89,0.89,0.19
"Abacavir/Lamivudine 60/30mg, tablets, 60 Tabs","Abacavir/Lamivudine 60/30mg, tablets, 60 Tabs",60/30mg,60,1393,See ASN-19819 (ID#:13739),4.6,0.08,7.93
"Efavirenz 50mg, capsule, 30 Caps","Efavirenz 50mg, capsule, 30 Caps",50mg,30,924,45,1.9,0.06,1.8
"HIV 1/2, Bioline 3.0 Kit, Lancets, Capillary pipets, Alcohol swabs included, 25 Tests","HIV 1/2, Bioline 3.0 Kit, Lancets, Capillary pipets, Alcohol swabs included, 25 Tests",,25,10000,3334,20,0.8,330
"HIV 1/2, Determine Complete HIV Kit, 100 Tests","HIV 1/2, Determine Complete HIV Kit, 100 Tests",,100,2910,2910,80,0.8,287.97
"Didanosine 100mg [Videx],chewable tablets, 60 Tabs","Didanosine 100mg [Videx],chewable tablets, 60 Tabs",100mg,60,10,Weight Captured Separately,16.46,0.27,0.35
"HIV 1/2, Determine Complete HIV Kit, 100 Tests","HIV 1/2, Determine Complete HIV Kit, 100 Tests",,100,2945,1280,80,0.8,291.44
"Abacavir 20mg/ml, oral solution w/syringe, Bottle, 240 ml","Abacavir 20mg/ml, oral solution w/syringe, Bottle, 240 ml",20mg/ml,240,135,Weight Captured Separately,27.04,0.11,4.52
"HIV 1/2, Uni-Gold HIV Kit, 20 Tests","HIV 1/2, Uni-Gold HIV Kit, 20 Tests",,20,31842,9312,32,1.6,1260.43
"HIV 1/2, Uni-Gold HIV Kit, 20 Tests","HIV 1/2, Uni-Gold HIV Kit, 20 Tests",,20,450,149,32,1.6,23.76
"HIV 1/2, Determine Complete HIV Kit, 100 Tests","HIV 1/2, Determine Complete HIV Kit, 100 Tests",,100,2849,783,89,0.89,546.68
"HIV 1/2, Determine Complete HIV Kit, 100 Tests","HIV 1/2, Determine Complete HIV Kit, 100 Tests",,100,431,186,80,0.8,35.45
"Zidovudine 300mg, tablets, 60 Tabs","Zidovudine 300mg, tablets, 60 Tabs",300mg,60,77143,3894,7.33,0.12,1219.13
"HIV 1/2, Determine Complete HIV Kit, 100 Tests","HIV 1/2, Determine Complete HIV Kit, 100 Tests",,100,300,137,100,1,42.06
"HIV 1/2, Uni-Gold HIV Kit, 20 Tests","HIV 1/2, Uni-Gold HIV Kit, 20 Tests",,20,7280,2391,32,1.6,384.38
"Stavudine 20mg [Zerit], capsules, 60 Caps","Stavudine 20mg [Zerit], capsules, 60 Caps",20mg,60,200,Weight Captured Separately,6.07,0.1,2.62
"HIV 1/2, Determine Complete HIV Kit, 100 Tests","HIV 1/2, Determine Complete HIV Kit, 100 Tests",,100,2744,1303,80,0.8,307.77
"Abacavir 300mg, tablets, 60 Tabs","Abacavir 300mg, tablets, 60 Tabs",300mg,60,19000,1909,11.4,0.19,267.93
"HIV 1/2, Determine Complete HIV Kit, 100 Tests","HIV 1/2, Determine Complete HIV Kit, 100 Tests",,100,3038,1234,89,0.89,334.46
"HIV 1/2, Uni-Gold HIV Kit, 20 Tests","HIV 1/2, Uni-Gold HIV Kit, 20 Tests",,20,165,138,32,1.6,7.4
"Lamivudine 10mg/ml, oral solution w/syringe, Bottle, 240 ml","Lamivudine 10mg/ml, oral solution w/syringe, Bottle, 240 ml",10mg/ml,240,1932,See ASN-19819 (ID#:13739),1.43,0.01,3.42
"Abacavir 300mg, tablets, 60 Tabs","Abacavir 300mg, tablets, 60 Tabs",300mg,60,6155,590,14.93,0.25,151.63
"Raltegravir 400mg [Isentress], tablets, 60 Tabs","Raltegravir 400mg [Isentress], tablets, 60 Tabs",400mg,60,231,23,91.5,1.52,34.88
"Abacavir 20mg/ml [Ziagen], oral solution, Bottle, 240 ml","Abacavir 20mg/ml [Ziagen], oral solution, Bottle, 240 ml",20mg/ml,240,40,Weight Captured Separately,16.42,0.07,1.42
"Lopinavir/Ritonavir 80/20mg/ml [Kaletra], oral solution, cool, Bottle 5 x 60 ml","Lopinavir/Ritonavir 80/20mg/ml [Kaletra], oral solution, cool, Bottle 5 x 60 ml",80/20mg/ml,300,600,554,30.82,0.1,19.01
"Lamivudine 10mg/ml, oral solution, Bottle, 240 ml","Lamivudine 10mg/ml, oral solution, Bottle, 240 ml",10mg/ml,240,9960,3670,2.06,0.01,33.85
"Didanosine EC 400mg [Videx EC], delayed-release capsules, Blister 3 x 10 Caps","Didanosine EC 400mg [Videx EC], delayed-release capsules, Blister 3 x 10 Caps",400mg,30,140,Weight Captured Separately,28.55,0.95,7.83
"HIV 1/2, Determine Complete HIV Kit, 100 Tests","HIV 1/2, Determine Complete HIV Kit, 100 Tests",,100,1470,595,80,0.8,120.89
"Zidovudine 10mg/ml [Retrovir], oral solution, Bottle, 200 ml","Zidovudine 10mg/ml [Retrovir], oral solution, Bottle, 200 ml",10mg/ml,200,120,Weight Captured Separately,7.22,0.04,1.87
"Lamivudine 150mg, tablets, 60 Tabs","Lamivudine 150mg, tablets, 60 Tabs",150mg,60,5600,606,1.8,0.03,11.86
"HIV 1/2, Determine Complete HIV Kit, 100 Tests","HIV 1/2, Determine Complete HIV Kit, 100 Tests",,100,2884,1374,80,0.8,380.69
"HIV 1/2, Uni-Gold HIV Kit, 20 Tests","HIV 1/2, Uni-Gold HIV Kit, 20 Tests",,20,1686,564,32,1.6,116.32
"Efavirenz 200mg, capsule, 90 Caps","Efavirenz 200mg, capsule, 90 Caps",200mg,90,545,Weight Captured Separately,23.87,0.27,16.09
"Lopinavir/Ritonavir 200/50mg, tablets, 120 Tabs","Lopinavir/Ritonavir 200/50mg, tablets, 120 Tabs",200/50mg,120,13703,3476,33.6,0.28,759.69
"HIV 1/2, Uni-Gold HIV Kit, 20 Tests","HIV 1/2, Uni-Gold HIV Kit, 20 Tests",,20,40,See ASN-31750 (ID#:19272),32,1.6,1.51
"Chase Buffer, Determine, 100 Tests, 2.5ml x 1 Vial","Chase Buffer, Determine, 100 Tests, 2.5ml x 1 Vial",,1,15,Weight Captured Separately,5,5,0.09
"Abacavir 20mg/ml, oral solution w/syringe, Bottle, 240 ml","Abacavir 20mg/ml, oral solution w/syringe, Bottle, 240 ml",20mg/ml,240,446,Weight Captured Separately,24.27,0.1,11.13
"Emtricitabine/Tenofovir Disoproxil Fumarate 200/300mg, tablets, 30 Tabs","Emtricitabine/Tenofovir Disoproxil Fumarate 200/300mg, tablets, 30 Tabs",200/300mg,30,11,Weight Captured Separately,21.83,0.73,0.25
"HIV 1/2, Uni-Gold HIV Kit, 20 Tests","HIV 1/2, Uni-Gold HIV Kit, 20 Tests",,20,2500,Weight Captured Separately,32,1.6,82.24
"Abacavir 20mg/ml [Ziagen], oral solution, Bottle, 240 ml","Abacavir 20mg/ml [Ziagen], oral solution, Bottle, 240 ml",20mg/ml,240,220,Weight Captured Separately,35.51,0.15,9.66
"HIV 1/2, Determine Complete HIV Kit, 100 Tests","HIV 1/2, Determine Complete HIV Kit, 100 Tests",,100,350,See ASN-22749 (ID#:45723),89,0.89,38.53
"Atazanavir/Ritonavir 300/100mg, tablets, 30 Tabs","Atazanavir/Ritonavir 300/100mg, tablets, 30 Tabs",300/100mg,30,37927,5059,22.5,0.75,1196.41
"Efavirenz/Emtricitabine/Tenofovir Disoproxil Fumarate 600/200/300mg, tablets, 30 Tabs","Efavirenz/Emtricitabine/Tenofovir Disoproxil Fumarate 600/200/300mg, tablets, 30 Tabs",600/200/300mg,30,77654,8725,11.8,0.39,1133.48
"Didanosine 400mg, delayed-release capsules, 30 Caps","Didanosine 400mg, delayed-release capsules, 30 Caps",400mg,30,48,4,20,0.67,1.35
"Ritonavir 100mg [Norvir], capsules, cool, 4 x 84 Caps","Ritonavir 100mg [Norvir], capsules, cool, 4 x 84 Caps",100mg,336,20,57,306.88,0.91,13.23
"Abacavir 300mg, tablets, 60 Tabs","Abacavir 300mg, tablets, 60 Tabs",300mg,60,94,Weight Captured Separately,64.58,1.08,7.51
"Lopinavir/Ritonavir 200/50mg [Aluvia], tablets, 120 Tabs","Lopinavir/Ritonavir 200/50mg [Aluvia], tablets, 120 Tabs",200/50mg,120,9000,2235,60.8,0.51,644.05
"Efavirenz 600mg, tablets, 30 Tabs","Efavirenz 600mg, tablets, 30 Tabs",600mg,30,54000,4568,4.67,0.16,543.7
"Lopinavir/Ritonavir 200/50mg [Aluvia], tablets, 120 Tabs","Lopinavir/Ritonavir 200/50mg [Aluvia], tablets, 120 Tabs",200/50mg,120,1400,209,82.2,0.68,225.56
"Didanosine 25mg [Videx], chewable tablets, 60 Tabs","Didanosine 25mg [Videx], chewable tablets, 60 Tabs",25mg,60,300,81,7,0.12,2.94
"Efavirenz/Emtricitabine/Tenofovir Disoproxil Fumarate 600/200/300mg, tablets, 30 Tabs","Efavirenz/Emtricitabine/Tenofovir Disoproxil Fumarate 600/200/300mg, tablets, 30 Tabs",600/200/300mg,30,36000,4171,10.5,0.35,388.58
"Zidovudine 300mg, tablets, 60 Tabs","Zidovudine 300mg, tablets, 60 Tabs",300mg,60,53,Weight Captured Separately,25.24,0.42,1.66
"Abacavir 20mg/ml [Ziagen], oral solution, Bottle, 240 ml","Abacavir 20mg/ml [Ziagen], oral solution, Bottle, 240 ml",20mg/ml,240,12000,Weight Captured Separately,10.02,0.04,259.24
"Lopinavir/Ritonavir 200/50mg, tablets, 120 Tabs","Lopinavir/Ritonavir 200/50mg, tablets, 120 Tabs",200/50mg,120,954,243,24,0.2,32.1
"Didanosine EC 400mg [Videx EC], delayed-release capsules, Blister 3 x 10 Caps","Didanosine EC 400mg [Videx EC], delayed-release capsules, Blister 3 x 10 Caps",400mg,30,772,See ASN-10811 (ID#:17259),23.67,0.79,30.15
"HIV 1/2, Determine HIV Kit, without Lancets, 100 Tests","HIV 1/2, Determine HIV Kit, without Lancets, 100 Tests",,100,2500,568,97.68,0.98,526.5
"HIV 1/2, Determine Complete HIV Kit, 100 Tests","HIV 1/2, Determine Complete HIV Kit, 100 Tests",,100,5750,3374,80,0.8,541.42
"Efavirenz 600mg, tablets, 30 Tabs","Efavirenz 600mg, tablets, 30 Tabs",600mg,30,32083,2808,4.51,0.15,311.96
"HIV 1/2, Uni-Gold HIV Kit, 20 Tests","HIV 1/2, Uni-Gold HIV Kit, 20 Tests",,20,23,8,32,1.6,1.03
"Emtricitabine/Tenofovir Disoproxil Fumarate 200/300mg, tablets, 30 Tabs","Emtricitabine/Tenofovir Disoproxil Fumarate 200/300mg, tablets, 30 Tabs",200/300mg,30,14,Weight Captured Separately,33.72,1.12,0.58
"HIV 1/2, Determine Complete HIV Kit, 100 Tests","HIV 1/2, Determine Complete HIV Kit, 100 Tests",,100,1568,678,80,0.8,175.87
"Efavirenz 200mg, capsule, 90 Caps","Efavirenz 200mg, capsule, 90 Caps",200mg,90,47,Weight Captured Separately,18.25,0.2,0.88
"Tenofovir Disoproxil Fumarate 300mg, tablets, 30 Tabs","Tenofovir Disoproxil Fumarate 300mg, tablets, 30 Tabs",300mg,30,72558,4942,7.82,0.26,1223.32
"Didanosine 250mg, delayed-release capsules, 30 Caps","Didanosine 250mg, delayed-release capsules, 30 Caps",250mg,30,754,See ASN-14125 (ID#:22658),13,0.43,16.17
"HIV 1/2, Determine Complete HIV Kit, 100 Tests","HIV 1/2, Determine Complete HIV Kit, 100 Tests",,100,2928,1325,80,0.8,289.75
"Atazanavir/Ritonavir 300/100mg, tablets, 30 Tabs","Atazanavir/Ritonavir 300/100mg, tablets, 30 Tabs",300/100mg,30,11440,Weight Captured Separately,18,0.6,211.69
"HIV 1/2, Determine Complete HIV Kit, 100 Tests","HIV 1/2, Determine Complete HIV Kit, 100 Tests",,100,5102,3543,80,0.8,419.59
"HIV 1/2, Determine Complete HIV Kit, 100 Tests","HIV 1/2, Determine Complete HIV Kit, 100 Tests",,100,350,144,80,0.8,28.78
"Lamivudine 150mg [Epivir], tablets, 60 Tabs","Lamivudine 150mg [Epivir], tablets, 60 Tabs",150mg,60,3200,Weight Captured Separately,5.97,0.1,41.18
"Efavirenz 200mg, capsule, 90 Caps","Efavirenz 200mg, capsule, 90 Caps",200mg,90,77,Weight Captured Separately,20.89,0.23,1.89
"Saquinavir 200mg [Invirase], capsules, 270 Caps","Saquinavir 200mg [Invirase], capsules, 270 Caps",200mg,270,11,6,96.57,0.36,2.29
"Nevirapine 200mg, tablets, 60 Tabs","Nevirapine 200mg, tablets, 60 Tabs",200mg,60,6600,657,2.25,0.04,15.27
"Nevirapine 200mg, tablets, 60 Tabs","Nevirapine 200mg, tablets, 60 Tabs",200mg,60,38400,4528,2.92,0.05,241.75
"HIV 1/2, Uni-Gold HIV Kit, 20 Tests","HIV 1/2, Uni-Gold HIV Kit, 20 Tests",,20,1515,518,32,1.6,104.52
"Lamivudine 150mg [Epivir], tablets, 60 Tabs","Lamivudine 150mg [Epivir], tablets, 60 Tabs",150mg,60,1021,Weight Captured Separately,7.5,0.12,9.47
"Abacavir/Lamivudine/Zidovudine 300/150/300mg, tablets, 60 Tabs","Abacavir/Lamivudine/Zidovudine 300/150/300mg, tablets, 60 Tabs",300/150/300mg,60,2080,316,28,0.47,96.1
"HIV 1/2, Determine Complete HIV Kit, 100 Tests","HIV 1/2, Determine Complete HIV Kit, 100 Tests",,100,260,109,80,0.8,25.73
"Abacavir/Lamivudine 600/300mg, tablets, 30 Tabs","Abacavir/Lamivudine 600/300mg, tablets, 30 Tabs",600/300mg,30,8215,805,13.49,0.45,137.08
"Lamivudine 150mg, tablets, 60 Tabs","Lamivudine 150mg, tablets, 60 Tabs",150mg,60,67120,3230,2.53,0.04,366.12
"HIV 1/2, Determine Complete HIV Kit, 100 Tests","HIV 1/2, Determine Complete HIV Kit, 100 Tests",,100,7435,1479,89,0.89,927.72
"HIV 1/2, Determine Complete HIV Kit, 100 Tests","HIV 1/2, Determine Complete HIV Kit, 100 Tests",,100,5983,2425,89,0.89,658.69
"Nevirapine 200mg, tablets, 60 Tabs","Nevirapine 200mg, tablets, 60 Tabs",200mg,60,4000,See ASN-20555 (ID#:25809),2.25,0.04,11.13
"Efavirenz 50mg, capsule, 30 Caps","Efavirenz 50mg, capsule, 30 Caps",50mg,30,131,Weight Captured Separately,3.04,0.1,0.49
"Lopinavir/Ritonavir 100/25mg [Aluvia], tablets, 60 Tabs","Lopinavir/Ritonavir 100/25mg [Aluvia], tablets, 60 Tabs",100/25mg,60,5625,665,7.71,0.13,93.5
"Lopinavir/Ritonavir 200/50mg [Aluvia], tablets, 120 Tabs","Lopinavir/Ritonavir 200/50mg [Aluvia], tablets, 120 Tabs",200/50mg,120,133,Weight Captured Separately,23.13,0.19,3.16
"HIV 1/2, OraQuick Advance HIV Rapid Antibody Kit, 100 Tests","HIV 1/2, OraQuick Advance HIV Rapid Antibody Kit, 100 Tests",,100,200,480,350,3.5,137.2
"Lopinavir/Ritonavir 100/25mg [Aluvia], tablets, 60 Tabs","Lopinavir/Ritonavir 100/25mg [Aluvia], tablets, 60 Tabs",100/25mg,60,2890,Weight Captured Separately,5.94,0.1,20.21
"HIV 1/2, SKB Colloidal Gold, Diagnostic Kit, Antibody, 50 Tests","HIV 1/2, SKB Colloidal Gold, Diagnostic Kit, Antibody, 50 Tests",,1,4099,2733,24.5,24.5,103.24
"Efavirenz 50mg, capsule, 30 Caps","Efavirenz 50mg, capsule, 30 Caps",50mg,30,3,Weight Captured Separately,2.16,0.07,0.01
"Lamivudine/Tenofovir Disoproxil Fumarate 300/300mg, tablets, 30 Tabs","Lamivudine/Tenofovir Disoproxil Fumarate 300/300mg, tablets, 30 Tabs",300/300mg,30,131704,10818,5.19,0.17,958.33
"Zidovudine 300mg, tablets, 60 Tabs","Zidovudine 300mg, tablets, 60 Tabs",300mg,60,1475,96,6.6,0.11,13.65
"HIV 1/2, Determine Complete HIV Kit, 100 Tests","HIV 1/2, Determine Complete HIV Kit, 100 Tests",,100,2744,1186,89,0.89,342.39
"Didanosine 250mg, delayed-release capsules, 30 Caps","Didanosine 250mg, delayed-release capsules, 30 Caps",250mg,30,6,Weight Captured Separately,11.84,0.39,0.07
"Didanosine 250mg, delayed-release capsules, 30 Caps","Didanosine 250mg, delayed-release capsules, 30 Caps",250mg,30,3000,201,13,0.43,84.08
"Nevirapine 10mg/ml [Viramune], oral suspension, Bottle, 240 ml","Nevirapine 10mg/ml [Viramune], oral suspension, Bottle, 240 ml",10mg/ml,240,20,Weight Captured Separately,15.53,0.06,0.67
"Nevirapine 200mg, tablets, 60 Tabs","Nevirapine 200mg, tablets, 60 Tabs",200mg,60,450,Weight Captured Separately,22.77,0.38,22.09
"Ritonavir 100mg [Norvir], film coated tablets, 30 Tabs","Ritonavir 100mg [Norvir], film coated tablets, 30 Tabs",100mg,30,100,Weight Captured Separately,23.26,0.78,2.39
"Lamivudine/Nevirapine/Stavudine 150/200/30mg, tablets, 60 Tabs","Lamivudine/Nevirapine/Stavudine 150/200/30mg, tablets, 60 Tabs",150/200/30mg,60,4,Weight Captured Separately,30.24,0.5,0.15
"HIV 1/2, Determine Complete HIV Kit, 100 Tests","HIV 1/2, Determine Complete HIV Kit, 100 Tests",,100,1,1233,89,0.89,0.19
"Lopinavir/Ritonavir 200/50mg [Aluvia], tablets, 120 Tabs","Lopinavir/Ritonavir 200/50mg [Aluvia], tablets, 120 Tabs",200/50mg,120,14420,Weight Captured Separately,30.82,0.26,733.3
"Lopinavir/Ritonavir 100/25mg [Aluvia], tablets, 60 Tabs","Lopinavir/Ritonavir 100/25mg [Aluvia], tablets, 60 Tabs",100/25mg,60,2736,328,5.94,0.1,20.1
"HIV 1/2, Stat-Pak HIV, Kit, 20 Tests","HIV 1/2, Stat-Pak HIV, Kit, 20 Tests",,20,1301,376,29,1.45,62.25
"Lamivudine/Zidovudine 150/300mg, tablets, 60 Tabs","Lamivudine/Zidovudine 150/300mg, tablets, 60 Tabs",150/300mg,60,3,Weight Captured Separately,31.19,0.52,0.1
"Efavirenz/Emtricitabine/Tenofovir Disoproxil Fumarate 600/200/300mg, tablets, 30 Tabs","Efavirenz/Emtricitabine/Tenofovir Disoproxil Fumarate 600/200/300mg, tablets, 30 Tabs",600/200/300mg,30,163929,21675,12.49,0.42,2532.72
"Darunavir 300mg [Prezista], tablets, 120 Tabs","Darunavir 300mg [Prezista], tablets, 120 Tabs",300mg,120,312,See ASN-17430 (ID#:24384),66.6,0.55,25.7
"Efavirenz/Emtricitabine/Tenofovir Disoproxil Fumarate 600/200/300mg [Atripla], tablets, 30 Tabs","Efavirenz/Emtricitabine/Tenofovir Disoproxil Fumarate 600/200/300mg [Atripla], tablets, 30 Tabs",600/200/300mg,30,2000,269,50.4,1.68,217.32
"Efavirenz 600mg, tablets, 30 Tabs","Efavirenz 600mg, tablets, 30 Tabs",600mg,30,54383,4668,3.4,0.11,259.23
"Efavirenz 600mg, tablets, 30 Tabs","Efavirenz 600mg, tablets, 30 Tabs",600mg,30,2094,Weight Captured Separately,4.33,0.14,19.55
"Stavudine 15mg, capsules, 60 Caps","Stavudine 15mg, capsules, 60 Caps",15mg,60,10,1,1.3,0.02,0.02
"HIV 1/2, Uni-Gold HIV Kit, 20 Tests","HIV 1/2, Uni-Gold HIV Kit, 20 Tests",,20,170,58,32,1.6,6.4
"HIV 1/2, Determine Complete HIV Kit, 100 Tests","HIV 1/2, Determine Complete HIV Kit, 100 Tests",,100,3053,1240,89,0.89,336.11
"Didanosine 250mg, delayed-release capsules, 30 Caps","Didanosine 250mg, delayed-release capsules, 30 Caps",250mg,30,4,Weight Captured Separately,13.5,0.45,0.06
"Lamivudine 10mg/ml, oral solution, Bottle, 240 ml","Lamivudine 10mg/ml, oral solution, Bottle, 240 ml",10mg/ml,240,7840,2995,1.75,0.01,19.24
"HIV 1/2, Stat-Pak HIV, Kit, 20 Tests","HIV 1/2, Stat-Pak HIV, Kit, 20 Tests",,20,1620,Weight Captured Separately,32,1.6,61.02
"Efavirenz 50mg, capsule, 30 Caps","Efavirenz 50mg, capsule, 30 Caps",50mg,30,99,Weight Captured Separately,3.32,0.11,0.41
"HIV 1/2, Uni-Gold HIV Kit, 20 Tests","HIV 1/2, Uni-Gold HIV Kit, 20 Tests",,20,450,See ASN-31129 (ID#:40205),32,1.6,16.95
"HIV 1/2, Determine Complete HIV Kit, 100 Tests","HIV 1/2, Determine Complete HIV Kit, 100 Tests",,100,1820,See ASN-5853 (ID#:24427),72,0.72,256.84
"Zidovudine 300mg, tablets, 60 Tabs","Zidovudine 300mg, tablets, 60 Tabs",300mg,60,1600,Weight Captured Separately,26.11,0.44,81.9
"Lopinavir/Ritonavir 200/50mg [Aluvia], tablets, 120 Tabs","Lopinavir/Ritonavir 200/50mg [Aluvia], tablets, 120 Tabs",200/50mg,120,100,36,36.16,0.3,7.8
"HIV 1/2, Uni-Gold HIV Kit, 20 Tests","HIV 1/2, Uni-Gold HIV Kit, 20 Tests",,20,450,148,32,1.6,23.76
"HIV 1/2, Determine Complete HIV Kit, 100 Tests","HIV 1/2, Determine Complete HIV Kit, 100 Tests",,100,4484,2134,80,0.8,502.93
"Nevirapine 200mg, tablets, 60 Tabs","Nevirapine 200mg, tablets, 60 Tabs",200mg,60,20,Weight Captured Separately,12.82,0.21,0.26
"Efavirenz 600mg, tablets, 30 Tabs","Efavirenz 600mg, tablets, 30 Tabs",600mg,30,31680,2970,4.67,0.16,318.97
"Abacavir 300mg, tablets, 60 Tabs","Abacavir 300mg, tablets, 60 Tabs",300mg,60,368,See ASN-14517 (ID#:44737),13,0.22,6.71
"Nevirapine 200mg, tablets, 60 Tabs","Nevirapine 200mg, tablets, 60 Tabs",200mg,60,26400,3113,2.92,0.05,166.2
"Abacavir 300mg, tablets, 60 Tabs","Abacavir 300mg, tablets, 60 Tabs",300mg,60,100,10,15.74,0.26,3.39
"Efavirenz/Lamivudine/Tenofovir Disoproxil Fumarate 600/300/300mg, tablets, 30 Tabs","Efavirenz/Lamivudine/Tenofovir Disoproxil Fumarate 600/300/300mg, tablets, 30 Tabs",600/300/300mg,30,15284,See ASN-33143 (ID#:42190),9.5,0.32,170.9
"Efavirenz 600mg, tablets, 30 Tabs","Efavirenz 600mg, tablets, 30 Tabs",600mg,30,31680,2970,4.67,0.16,318.97
"Efavirenz 600mg, tablets, 30 Tabs","Efavirenz 600mg, tablets, 30 Tabs",600mg,30,53916,4561,4.67,0.16,542.85
"Ritonavir 100mg [Norvir], capsules, cool, 4 x 84 Caps","Ritonavir 100mg [Norvir], capsules, cool, 4 x 84 Caps",100mg,336,18,55,206.51,0.61,8.01
"Lopinavir/Ritonavir 80/20mg/ml [Kaletra], oral solution, cool, Bottle 5 x 60 ml","Lopinavir/Ritonavir 80/20mg/ml [Kaletra], oral solution, cool, Bottle 5 x 60 ml",80/20mg/ml,300,264,257,30.82,0.1,10.06
"HIV 1/2, Uni-Gold HIV Kit, 20 Tests","HIV 1/2, Uni-Gold HIV Kit, 20 Tests",,20,369,115,32,1.6,12.14
"Efavirenz/Emtricitabine/Tenofovir Disoproxil Fumarate 600/200/300mg [Atripla], tablets, 30 Tabs","Efavirenz/Emtricitabine/Tenofovir Disoproxil Fumarate 600/200/300mg [Atripla], tablets, 30 Tabs",600/200/300mg,30,5320,464,50.4,1.68,525.53
"HIV 1/2, Uni-Gold HIV Kit, 20 Tests","HIV 1/2, Uni-Gold HIV Kit, 20 Tests",,20,27,10,32,1.6,1.21
"HIV 1/2, Determine Complete HIV Kit, 100 Tests","HIV 1/2, Determine Complete HIV Kit, 100 Tests",,100,2870,1368,80,0.8,321.9
"HIV 1/2, SKB Colloidal Gold, Diagnostic Kit, Antibody, 50 Tests","HIV 1/2, SKB Colloidal Gold, Diagnostic Kit, Antibody, 50 Tests",,1,175,1,24.5,24.5,6.01
"Nevirapine 10mg/ml, oral suspension w/syringe, Bottle, 240 ml","Nevirapine 10mg/ml, oral suspension w/syringe, Bottle, 240 ml",10mg/ml,240,27910,10346,2.12,0.01,97.63
"Didanosine 400mg, delayed-release capsules, 30 Caps","Didanosine 400mg, delayed-release capsules, 30 Caps",400mg,30,8,Weight Captured Separately,19.68,0.66,0.16
"Lamivudine/Zidovudine 150/300mg, tablets, 60 Tabs","Lamivudine/Zidovudine 150/300mg, tablets, 60 Tabs",150/300mg,60,10000,See ASN-29768 (ID#:13555),6.49,0.11,66.72
"HIV 1/2, Determine Complete HIV Kit, 100 Tests","HIV 1/2, Determine Complete HIV Kit, 100 Tests",,100,2744,1303,80,0.8,307.77
"Lamivudine/Stavudine 150/30mg, tablets, 60 Tabs","Lamivudine/Stavudine 150/30mg, tablets, 60 Tabs",150/30mg,60,384,20,2.92,0.05,1.57
"Efavirenz/Lamivudine/Tenofovir Disoproxil Fumarate 600/300/300mg, tablets, 30 Tabs","Efavirenz/Lamivudine/Tenofovir Disoproxil Fumarate 600/300/300mg, tablets, 30 Tabs",600/300/300mg,30,15552,See ASN-33266 (ID#:44615),9.5,0.32,173.89
"HIV 1/2, Determine Complete HIV Kit, 100 Tests","HIV 1/2, Determine Complete HIV Kit, 100 Tests",,100,645,267,80,0.8,63.83
"Didanosine 400mg, delayed-release capsules, 30 Caps","Didanosine 400mg, delayed-release capsules, 30 Caps",400mg,30,6,Weight Captured Separately,14.22,0.47,0.09
"Raltegravir 400mg [Isentress], tablets, 60 Tabs","Raltegravir 400mg [Isentress], tablets, 60 Tabs",400mg,60,40,Weight Captured Separately,55.5,0.92,2.28
"Nevirapine 200mg, tablets, 60 Tabs","Nevirapine 200mg, tablets, 60 Tabs",200mg,60,28755,3392,2.6,0.04,161.19
"HIV 1/2, Uni-Gold HIV Kit, 20 Tests","HIV 1/2, Uni-Gold HIV Kit, 20 Tests",,20,2000,687,32,1.6,137.98
"Atazanavir 150mg [Reyataz], capsules, 60 Caps","Atazanavir 150mg [Reyataz], capsules, 60 Caps",150mg,60,1,Weight Captured Separately,25.69,0.43,0.03
"Abacavir 300mg, tablets, 60 Tabs","Abacavir 300mg, tablets, 60 Tabs",300mg,60,9270,1010,19.33,0.32,351.21
"HIV 1/2, Determine Complete HIV Kit, 100 Tests","HIV 1/2, Determine Complete HIV Kit, 100 Tests",,100,129,60,89,0.89,18.94
"Abacavir/Lamivudine 60/30mg, tablets, 60 Tabs","Abacavir/Lamivudine 60/30mg, tablets, 60 Tabs",60/30mg,60,2516,118,4.6,0.08,16.23
"Lamivudine/Zidovudine 150/300mg, tablets, 60 Tabs","Lamivudine/Zidovudine 150/300mg, tablets, 60 Tabs",150/300mg,60,1152,Weight Captured Separately,30.28,0.5,43.15
"Atazanavir/Ritonavir 300/100mg, tablets, 30 Tabs","Atazanavir/Ritonavir 300/100mg, tablets, 30 Tabs",300/100mg,30,9070,Weight Captured Separately,18,0.6,167.83
"HIV 1/2, Determine Complete HIV Kit, 100 Tests","HIV 1/2, Determine Complete HIV Kit, 100 Tests",,100,2352,1016,80,0.8,263.8
"HIV 1/2, Determine Complete HIV Kit, 100 Tests","HIV 1/2, Determine Complete HIV Kit, 100 Tests",,100,3072,1248,89,0.89,338.21
"Lamivudine 10mg/ml, oral solution, Bottle, 240 ml","Lamivudine 10mg/ml, oral solution, Bottle, 240 ml",10mg/ml,240,20,Weight Captured Separately,7.15,0.03,0.15
"Lamivudine/Zidovudine 30/60mg, dispersible tablets, 60 Tabs","Lamivudine/Zidovudine 30/60mg, dispersible tablets, 60 Tabs",30/60mg,60,3184,250,1.99,0.03,6.51
"Capillary Tubes, for Determine, EDTA, 50uL,100 Pcs","Capillary Tubes, for Determine, EDTA, 50uL,100 Pcs",,100,45,See ASN-31321 (ID#:30363),8,0.08,0.42
"Zidovudine 300mg, tablets, 60 Tabs","Zidovudine 300mg, tablets, 60 Tabs",300mg,60,5,Weight Captured Separately,24.95,0.42,0.13
"HIV 1/2, SKB Colloidal Gold, Diagnostic Kit, Antibody, 50 Tests","HIV 1/2, SKB Colloidal Gold, Diagnostic Kit, Antibody, 50 Tests",,1,4230,2820,24.5,24.5,106.54
"HIV 1/2, Determine Complete HIV Kit, 100 Tests","HIV 1/2, Determine Complete HIV Kit, 100 Tests",,100,6388,2590,89,0.89,669.16
"HIV 1/2, Determine Complete HIV Kit, 100 Tests","HIV 1/2, Determine Complete HIV Kit, 100 Tests",,100,2929,1214,80,0.8,289.85
"HIV 1/2, Determine Complete HIV Kit, 100 Tests","HIV 1/2, Determine Complete HIV Kit, 100 Tests",,100,2737,1300,80,0.8,306.98
"Lamivudine/Zidovudine 150/300mg, tablets, 60 Tabs","Lamivudine/Zidovudine 150/300mg, tablets, 60 Tabs",150/300mg,60,16185,See ASN-28248 (ID#:48994),6.49,0.11,107.98
"Stavudine 30mg, capsules, 60 Caps","Stavudine 30mg, capsules, 60 Caps",30mg,60,4500,Weight Captured Separately,4.53,0.08,39.92
"Efavirenz/Lamivudine/Tenofovir Disoproxil Fumarate 600/300/300mg, tablets, 30 Tabs","Efavirenz/Lamivudine/Tenofovir Disoproxil Fumarate 600/300/300mg, tablets, 30 Tabs",600/300/300mg,30,37732,4962,11.15,0.37,520.42
"Indinavir 400mg [Crixivan], capsules, 180 Caps","Indinavir 400mg [Crixivan], capsules, 180 Caps",400mg,180,2000,518,50,0.28,215.6
"Abacavir 300mg [Ziagen], tablets, Blister 6 x 10 Tabs","Abacavir 300mg [Ziagen], tablets, Blister 6 x 10 Tabs",300mg,60,100,Weight Captured Separately,39.88,0.66,8.6
"Lamivudine/Tenofovir Disoproxil Fumarate 300/300mg, tablets, 30 Tabs","Lamivudine/Tenofovir Disoproxil Fumarate 300/300mg, tablets, 30 Tabs",300/300mg,30,25811,2829,4.59,0.15,121.79
"HIV 1/2, Uni-Gold HIV Kit, 20 Tests","HIV 1/2, Uni-Gold HIV Kit, 20 Tests",,20,18000,5876,32,1.6,807.55
"Nevirapine 50mg, dispersible tablets (tablets for oral suspension), 30 Tabs","Nevirapine 50mg, dispersible tablets (tablets for oral suspension), 30 Tabs",50mg,30,440,See ASN-27933 (ID#:22761),1.25,0.04,0.57
"Lamivudine 10mg/ml, oral solution w/syringe, Bottle, 240 ml","Lamivudine 10mg/ml, oral solution w/syringe, Bottle, 240 ml",10mg/ml,240,4,Weight Captured Separately,6.7,0.03,0.03
"Zidovudine 300mg, tablets, 60 Tabs","Zidovudine 300mg, tablets, 60 Tabs",300mg,60,26540,1431,7.43,0.12,425.15
"Lopinavir/Ritonavir 200/50mg, tablets, 120 Tabs","Lopinavir/Ritonavir 200/50mg, tablets, 120 Tabs",200/50mg,120,2160,See ASN-15571 (ID#:21091),25,0.21,75.71
"Didanosine 250mg, delayed-release capsules, 30 Caps","Didanosine 250mg, delayed-release capsules, 30 Caps",250mg,30,1200,96,7.58,0.25,9.35
"Didanosine 400mg, delayed-release capsules, 30 Caps","Didanosine 400mg, delayed-release capsules, 30 Caps",400mg,30,800,62,20,0.67,16.45
"Chase Buffer, Determine, 100 Tests, 2.5ml x 1 Vial","Chase Buffer, Determine, 100 Tests, 2.5ml x 1 Vial",,1,160,See ASN-27328 (ID#:27829),5,5,0.82
"Emtricitabine/Tenofovir Disoproxil Fumarate 200/300mg, tablets, 30 Tabs","Emtricitabine/Tenofovir Disoproxil Fumarate 200/300mg, tablets, 30 Tabs",200/300mg,30,11,Weight Captured Separately,21.83,0.73,0.25
"Efavirenz 600mg, tablets, 30 Tabs","Efavirenz 600mg, tablets, 30 Tabs",600mg,30,20617,1770,3.4,0.11,98.28
"Didanosine 400mg, delayed-release capsules, 30 Caps","Didanosine 400mg, delayed-release capsules, 30 Caps",400mg,30,8,Weight Captured Separately,15.27,0.51,0.13
"Efavirenz 600mg, tablets, 30 Tabs","Efavirenz 600mg, tablets, 30 Tabs",600mg,30,38,Weight Captured Separately,11.27,0.38,0.44
"HIV 1/2, Determine Complete HIV Kit, 100 Tests","HIV 1/2, Determine Complete HIV Kit, 100 Tests",,100,5000,2020,80,0.8,494.8
"HIV 1/2, Determine Complete HIV Kit, 100 Tests","HIV 1/2, Determine Complete HIV Kit, 100 Tests",,100,2814,1363,80,0.8,485.36
"HIV 1/2, Uni-Gold HIV Kit, 20 Tests","HIV 1/2, Uni-Gold HIV Kit, 20 Tests",,20,5791,1918,32,1.6,305.76
"Efavirenz 50mg, capsule, 30 Caps","Efavirenz 50mg, capsule, 30 Caps",50mg,30,65,4,2,0.07,0.16
"Nevirapine 200mg, tablets, 60 Tabs","Nevirapine 200mg, tablets, 60 Tabs",200mg,60,129183,Weight Captured Separately,2.72,0.05,579.77
"HIV 1/2, Bioline 3.0 Kit, Lancets, Capillary pipets, Alcohol swabs included, 25 Tests","HIV 1/2, Bioline 3.0 Kit, Lancets, Capillary pipets, Alcohol swabs included, 25 Tests",,25,30,430,20,0.8,0.99
"HIV 1/2, Uni-Gold HIV Kit, 20 Tests","HIV 1/2, Uni-Gold HIV Kit, 20 Tests",,20,13300,4472,32,1.6,702.24
"Efavirenz 50mg, capsule, 30 Caps","Efavirenz 50mg, capsule, 30 Caps",50mg,30,435,25,2.24,0.07,1.37
"Ritonavir 100mg [Norvir], capsules, cool, 4 x 84 Caps","Ritonavir 100mg [Norvir], capsules, cool, 4 x 84 Caps",100mg,336,645,1210,38.36,0.11,48.49
"HIV 1/2, Stat-Pak HIV, Kit, 20 Tests","HIV 1/2, Stat-Pak HIV, Kit, 20 Tests",,20,2000,576,29,1.45,71.75
"Lamivudine/Zidovudine 150/300mg, tablets, 60 Tabs","Lamivudine/Zidovudine 150/300mg, tablets, 60 Tabs",150/300mg,60,8245,759,8.2,0.14,111.55
"Lopinavir/Ritonavir 80/20mg/ml [Kaletra], oral solution, cool, Bottle 5 x 60 ml","Lopinavir/Ritonavir 80/20mg/ml [Kaletra], oral solution, cool, Bottle 5 x 60 ml",80/20mg/ml,300,2,Weight Captured Separately,23.45,0.08,0.06
"Efavirenz/Lamivudine/Tenofovir Disoproxil Fumarate 600/300/300mg, tablets, 30 Tabs","Efavirenz/Lamivudine/Tenofovir Disoproxil Fumarate 600/300/300mg, tablets, 30 Tabs",600/300/300mg,30,6816,2541,10,0.33,80.22
"Abacavir 300mg, tablets, 60 Tabs","Abacavir 300mg, tablets, 60 Tabs",300mg,60,23845,2283,14.93,0.25,587.41
"Efavirenz 50mg, capsule, 30 Caps","Efavirenz 50mg, capsule, 30 Caps",50mg,30,56,See ASN-18910 (ID#:50309),2,0.07,0.14
"Tenofovir Disoproxil Fumarate 300mg, tablets, 30 Tabs","Tenofovir Disoproxil Fumarate 300mg, tablets, 30 Tabs",300mg,30,41296,See ASN-16123 (ID#:20371),4.49,0.15,259.96
"Nevirapine 200mg, tablets, 60 Tabs","Nevirapine 200mg, tablets, 60 Tabs",200mg,60,6000,See ASN-32265 (ID#:56716),2.16,0.04,15.25
"Atazanavir/Ritonavir 300/100mg, tablets, 30 Tabs","Atazanavir/Ritonavir 300/100mg, tablets, 30 Tabs",300/100mg,30,2000,280,19.5,0.65,40.09
"HIV 1/2, Determine Complete HIV Kit, 100 Tests","HIV 1/2, Determine Complete HIV Kit, 100 Tests",,100,2041,989,80,0.8,352.03
"HIV 1/2, SKB Colloidal Gold, Diagnostic Kit, Antibody, 50 Tests","HIV 1/2, SKB Colloidal Gold, Diagnostic Kit, Antibody, 50 Tests",,1,250,164,24.5,24.5,7.58
"Lamivudine/Stavudine 150/30mg, tablets, 60 Tabs","Lamivudine/Stavudine 150/30mg, tablets, 60 Tabs",150/30mg,60,288,Weight Captured Separately,2.49,0.04,0.89
"Nevirapine 200mg, tablets, 60 Tabs","Nevirapine 200mg, tablets, 60 Tabs",200mg,60,3,Weight Captured Separately,17.75,0.3,0.05
"HIV 1/2, Determine Complete HIV Kit, 100 Tests","HIV 1/2, Determine Complete HIV Kit, 100 Tests",,100,2744,1235,89,0.89,342.39
"HIV 1/2, Determine Complete HIV Kit, 100 Tests","HIV 1/2, Determine Complete HIV Kit, 100 Tests",,100,116,45,89,0.89,17.03
"HIV 1/2, Determine Complete HIV Kit, 100 Tests","HIV 1/2, Determine Complete HIV Kit, 100 Tests",,100,2330,965,0,0,0
"Didanosine 250mg, delayed-release capsules, 30 Caps","Didanosine 250mg, delayed-release capsules, 30 Caps",250mg,30,4,Weight Captured Separately,15.25,0.51,0.06
"Atazanavir 300mg, capsules, 30 Caps","Atazanavir 300mg, capsules, 30 Caps",300mg,30,7035,440,15,0.5,130.53
"Lamivudine/Zidovudine 150/300mg, tablets, 60 Tabs","Lamivudine/Zidovudine 150/300mg, tablets, 60 Tabs",150/300mg,60,14,Weight Captured Separately,21.43,0.36,0.31
"HIV 1/2, Determine Complete HIV Kit, 100 Tests","HIV 1/2, Determine Complete HIV Kit, 100 Tests",,100,2100,1002,80,0.8,362.21
"HIV 1/2, HEXAGON Rapid HIV Kit, 100 Tests","HIV 1/2, HEXAGON Rapid HIV Kit, 100 Tests",,100,30,46,111.58,1.12,4.14
"Lamivudine/Tenofovir Disoproxil Fumarate 300/300mg, tablets, 30 Tabs","Lamivudine/Tenofovir Disoproxil Fumarate 300/300mg, tablets, 30 Tabs",300/300mg,30,16716,1874,4.6,0.15,95.12
"Lamivudine 10mg/ml, oral solution w/syringe, Bottle, 240 ml","Lamivudine 10mg/ml, oral solution w/syringe, Bottle, 240 ml",10mg/ml,240,33476,Weight Captured Separately,2.12,0.01,153.01
"Abacavir 300mg, tablets, 60 Tabs","Abacavir 300mg, tablets, 60 Tabs",300mg,60,564,See ASN-24394 (ID#:16053),11.45,0.19,7.99
"Efavirenz 50mg, capsule, 30 Caps","Efavirenz 50mg, capsule, 30 Caps",50mg,30,252,9,2,0.07,0.62
"HIV 1/2, Uni-Gold HIV Kit, 20 Tests","HIV 1/2, Uni-Gold HIV Kit, 20 Tests",,20,7400,2471,32,1.6,390.72
"HIV 1/2, Determine Complete HIV Kit, 100 Tests","HIV 1/2, Determine Complete HIV Kit, 100 Tests",,100,2450,1183,72,0.72,380.32
"Zidovudine 100mg, capsules, 100 Caps","Zidovudine 100mg, capsules, 100 Caps",100mg,100,400,See ASN-24432 (ID#:40680),4.5,0.04,2.23
"HIV 1/2, Determine Complete HIV Kit, 100 Tests","HIV 1/2, Determine Complete HIV Kit, 100 Tests",,100,10798,4388,89,0.89,1188.78
"Atazanavir/Ritonavir 300/100mg, tablets, 30 Tabs","Atazanavir/Ritonavir 300/100mg, tablets, 30 Tabs",300/100mg,30,3115,420,20,0.67,64.04
"Lamivudine/Zidovudine 150/300mg, tablets, 60 Tabs","Lamivudine/Zidovudine 150/300mg, tablets, 60 Tabs",150/300mg,60,25000,2303,8.42,0.14,347.32
"HIV 1/2, Determine HIV Kit, without Lancets, 100 Tests","HIV 1/2, Determine HIV Kit, without Lancets, 100 Tests",,100,3500,794,70,0.7,528.22
"Lamivudine/Zidovudine 150/300mg, tablets, 60 Tabs","Lamivudine/Zidovudine 150/300mg, tablets, 60 Tabs",150/300mg,60,15204,See ASN-6266 (ID#:15368),8.61,0.14,256.58
"Lamivudine 150mg, tablets, 60 Tabs","Lamivudine 150mg, tablets, 60 Tabs",150mg,60,122743,Weight Captured Separately,2.47,0.04,653.65
"HIV 1/2, Uni-Gold HIV Kit, 20 Tests","HIV 1/2, Uni-Gold HIV Kit, 20 Tests",,20,15000,4956,32,1.6,672.96
"Didanosine 400mg, delayed-release capsules, 30 Caps","Didanosine 400mg, delayed-release capsules, 30 Caps",400mg,30,251,Weight Captured Separately,19.9,0.66,6.18
"Efavirenz 600mg, tablets, 30 Tabs","Efavirenz 600mg, tablets, 30 Tabs",600mg,30,105813,8351,4.3,0.14,750.74
"Abacavir 20mg/ml, oral solution, Bottle, 240 ml","Abacavir 20mg/ml, oral solution, Bottle, 240 ml",20mg/ml,240,45,Weight Captured Separately,24.51,0.1,1.13
"HIV 1/2, HEXAGON Rapid HIV Kit, 100 Tests","HIV 1/2, HEXAGON Rapid HIV Kit, 100 Tests",,100,20,30,111.58,1.12,3.68
"Nevirapine 200mg, tablets, 60 Tabs","Nevirapine 200mg, tablets, 60 Tabs",200mg,60,24,Weight Captured Separately,13.74,0.23,0.34
"Lamivudine/Zidovudine 150/300mg, tablets, 60 Tabs","Lamivudine/Zidovudine 150/300mg, tablets, 60 Tabs",150/300mg,60,22008,2148,8.61,0.14,371.4
"Nevirapine 200mg, tablets, 60 Tabs","Nevirapine 200mg, tablets, 60 Tabs",200mg,60,40860,12945,2.34,0.04,134.05
"Chase Buffer, Determine, 100 Tests, 2.5ml x 1 Vial","Chase Buffer, Determine, 100 Tests, 2.5ml x 1 Vial",,1,220,Weight Captured Separately,6.5,6.5,2
"Lamivudine/Nevirapine/Zidovudine 150/200/300mg, tablets, 60 Tabs","Lamivudine/Nevirapine/Zidovudine 150/200/300mg, tablets, 60 Tabs",150/300/200mg,60,4980,695,8.1,0.13,49.9
"Lopinavir/Ritonavir 200/50mg [Aluvia], tablets, 120 Tabs","Lopinavir/Ritonavir 200/50mg [Aluvia], tablets, 120 Tabs",200/50mg,120,4400,1073,60.82,0.51,275.1
"Didanosine 50mg [Videx], chewable tablets, 60 Tabs","Didanosine 50mg [Videx], chewable tablets, 60 Tabs",50mg,60,2000,391,9.5,0.16,40.96
"HIV 1/2, Uni-Gold HIV Kit, 20 Tests","HIV 1/2, Uni-Gold HIV Kit, 20 Tests",,20,500,260,32,1.6,34.5
"Efavirenz 600mg, tablets, 30 Tabs","Efavirenz 600mg, tablets, 30 Tabs",600mg,30,203,Weight Captured Separately,16.73,0.56,4.2
"Efavirenz 50mg, capsule, 30 Caps","Efavirenz 50mg, capsule, 30 Caps",50mg,30,55000,3099,2.39,0.08,283.41
"Didanosine 200mg, delayed-release capsules, 30 Caps","Didanosine 200mg, delayed-release capsules, 30 Caps",200mg,30,75,See ASN-20218 (ID#:20450),11,0.37,1.02
"Saquinavir 200mg [Invirase], capsules, 270 Caps","Saquinavir 200mg [Invirase], capsules, 270 Caps",200mg,270,461,238,103.52,0.38,78.74
"Lamivudine/Nevirapine/Zidovudine 150/200/300mg, tablets, 60 Tabs","Lamivudine/Nevirapine/Zidovudine 150/200/300mg, tablets, 60 Tabs",150/300/200mg,60,6437,See ASN-32776 (ID#:40935),8.1,0.13,61.37
"Lamivudine/Tenofovir Disoproxil Fumarate 300/300mg, tablets, 30 Tabs","Lamivudine/Tenofovir Disoproxil Fumarate 300/300mg, tablets, 30 Tabs",300/300mg,30,40000,4620,4.6,0.15,227.61
"Efavirenz/Lamivudine/Tenofovir Disoproxil Fumarate 600/300/300mg, tablets, 30 Tabs","Efavirenz/Lamivudine/Tenofovir Disoproxil Fumarate 600/300/300mg, tablets, 30 Tabs",600/300/300mg,30,97300,11433,14.1,0.47,2263.68
"HIV 1/2, Bioline 3.0 Kit, (no accessories), 30 Tests","HIV 1/2, Bioline 3.0 Kit, (no accessories), 30 Tests",,30,1700,570,24,0.8,87.96
"Capillary Tubes, for Determine, EDTA, 50uL,100 Pcs","Capillary Tubes, for Determine, EDTA, 50uL,100 Pcs",,100,33,3,12,0.12,0.65
"HIV 1/2, Determine Complete HIV Kit, 100 Tests","HIV 1/2, Determine Complete HIV Kit, 100 Tests",,100,694,285,89,0.89,63.5
"HIV 1/2, Determine HIV Kit, without Lancets, 100 Tests","HIV 1/2, Determine HIV Kit, without Lancets, 100 Tests",,100,8,3,70,0.7,1.1
"Lamivudine/Stavudine 150/30mg, tablets, 60 Tabs","Lamivudine/Stavudine 150/30mg, tablets, 60 Tabs",150/30mg,60,336,37,2.49,0.04,1.03
"Efavirenz/Lamivudine/Tenofovir Disoproxil Fumarate 600/300/300mg, tablets, 30 Tabs","Efavirenz/Lamivudine/Tenofovir Disoproxil Fumarate 600/300/300mg, tablets, 30 Tabs",600/300/300mg,30,44407,5016,11.15,0.37,612.49
"Nevirapine 50mg, dispersible tablets (tablets for oral suspension), 30 Tabs","Nevirapine 50mg, dispersible tablets (tablets for oral suspension), 30 Tabs",50mg,30,2891,156,1.25,0.04,5.07
"Abacavir 300mg, tablets, 60 Tabs","Abacavir 300mg, tablets, 60 Tabs",300mg,60,45,Weight Captured Separately,68.99,1.15,3.19
"Lamivudine/Nevirapine/Zidovudine 150/200/300mg, tablets, 60 Tabs","Lamivudine/Nevirapine/Zidovudine 150/200/300mg, tablets, 60 Tabs",150/300/200mg,60,60000,See ASN-31820 (ID#:16098),8.1,0.13,499.61
"Abacavir/Lamivudine/Zidovudine 300/150/300mg [Trizivir], tablets, 60 Tabs","Abacavir/Lamivudine/Zidovudine 300/150/300mg [Trizivir], tablets, 60 Tabs",300/150/300mg,60,1676,249,53.71,0.9,176.44
"Efavirenz/Lamivudine/Tenofovir Disoproxil Fumarate 600/300/300mg, tablets, 30 Tabs","Efavirenz/Lamivudine/Tenofovir Disoproxil Fumarate 600/300/300mg, tablets, 30 Tabs",600/300/300mg,30,1144,See ASN-32270 (ID#:35968),10,0.33,13.46
"Efavirenz 600mg, tablets, 30 Tabs","Efavirenz 600mg, tablets, 30 Tabs",600mg,30,12700,See ASN-26927 (ID#:26612),3.5,0.12,45.69
"Efavirenz 600mg, tablets, 30 Tabs","Efavirenz 600mg, tablets, 30 Tabs",600mg,30,8000,See ASN-32262 (ID#:41943),3.5,0.12,32.96
"HIV 1/2, Bioline 3.0 Kit, (no accessories), 30 Tests","HIV 1/2, Bioline 3.0 Kit, (no accessories), 30 Tests",,30,4950,1650,24,0.8,232.85
"Abacavir 300mg, tablets, 60 Tabs","Abacavir 300mg, tablets, 60 Tabs",300mg,60,88,Weight Captured Separately,76.11,1.27,8.28
"Efavirenz 200mg, capsule, 90 Caps","Efavirenz 200mg, capsule, 90 Caps",200mg,90,46,Weight Captured Separately,23.59,0.26,1.12
"Atazanavir 300mg, capsules, 30 Caps","Atazanavir 300mg, capsules, 30 Caps",300mg,30,1946,122,15,0.5,36.11
"Lamivudine 150mg, tablets, 60 Tabs","Lamivudine 150mg, tablets, 60 Tabs",150mg,60,8146,Weight Captured Separately,9.71,0.16,154.96
"Abacavir 300mg, tablets, 60 Tabs","Abacavir 300mg, tablets, 60 Tabs",300mg,60,72,Weight Captured Separately,76.11,1.27,6.78
"Didanosine 50mg [Videx], chewable tablets, 60 Tabs","Didanosine 50mg [Videx], chewable tablets, 60 Tabs",50mg,60,386,78,9.5,0.16,7.19
"Didanosine 400mg, delayed-release capsules, 30 Caps","Didanosine 400mg, delayed-release capsules, 30 Caps",400mg,30,6,Weight Captured Separately,14.22,0.47,0.09
"Efavirenz 600mg, tablets, 30 Tabs","Efavirenz 600mg, tablets, 30 Tabs",600mg,30,3,Weight Captured Separately,15.6,0.52,0.05
"HIV 1/2, Determine Complete HIV Kit, 100 Tests","HIV 1/2, Determine Complete HIV Kit, 100 Tests",,100,2100,1016,72,0.72,325.99
"HIV 1/2, Determine Complete HIV Kit, 100 Tests","HIV 1/2, Determine Complete HIV Kit, 100 Tests",,100,7000,2836,80,0.8,659.12
"Abacavir 20mg/ml, oral solution w/syringe, Bottle, 240 ml","Abacavir 20mg/ml, oral solution w/syringe, Bottle, 240 ml",20mg/ml,240,675,See ASN-18919 (ID#:14578),6.83,0.03,5.7
"HIV 1/2, Determine Complete HIV Kit, 100 Tests","HIV 1/2, Determine Complete HIV Kit, 100 Tests",,100,610,268,80,0.8,60.37
"Atazanavir 150mg [Reyataz], capsules, 60 Caps","Atazanavir 150mg [Reyataz], capsules, 60 Caps",150mg,60,204,Weight Captured Separately,301.53,5.03,132.62
"Lamivudine/Nevirapine/Zidovudine 30/50/60mg, dispersible tablets, 60 Tabs","Lamivudine/Nevirapine/Zidovudine 30/50/60mg, dispersible tablets, 60 Tabs",30/50/60mg,60,1123,See ASN-14517 (ID#:44737),4.15,0.07,6.53
"Lopinavir/Ritonavir 200/50mg [Aluvia], tablets, 120 Tabs","Lopinavir/Ritonavir 200/50mg [Aluvia], tablets, 120 Tabs",200/50mg,120,1435,355,82.2,0.68,194.63
"Nevirapine 10mg/ml, oral suspension w/syringe, Bottle, 240 ml","Nevirapine 10mg/ml, oral suspension w/syringe, Bottle, 240 ml",10mg/ml,240,10702,3967,2.12,0.01,48.92
"HIV 1/2, Determine Complete HIV Kit, 100 Tests","HIV 1/2, Determine Complete HIV Kit, 100 Tests",,100,3050,1238,89,0.89,335.78
"Efavirenz 600mg, tablets, 30 Tabs","Efavirenz 600mg, tablets, 30 Tabs",600mg,30,47,Weight Captured Separately,12.09,0.4,0.58
"Nevirapine 200mg, tablets, 60 Tabs","Nevirapine 200mg, tablets, 60 Tabs",200mg,60,172428,10859,2.87,0.05,1066.94
"HIV 1/2, Determine Complete HIV Kit, 100 Tests","HIV 1/2, Determine Complete HIV Kit, 100 Tests",,100,2949,1192,89,0.89,324.66
"Efavirenz/Lamivudine/Tenofovir Disoproxil Fumarate 600/300/300mg, tablets, 30 Tabs","Efavirenz/Lamivudine/Tenofovir Disoproxil Fumarate 600/300/300mg, tablets, 30 Tabs",600/300/300mg,30,21384,2406,10.15,0.34,223.12
"HIV 1/2, Determine HIV Kit, without Lancets, 100 Tests","HIV 1/2, Determine HIV Kit, without Lancets, 100 Tests",,100,3500,794,70,0.7,528.22
"Capillary Tubes, for Determine, EDTA, 50uL,100 Pcs","Capillary Tubes, for Determine, EDTA, 50uL,100 Pcs",,100,326,See ASN-15985 (ID#:30320),8,0.08,3.66
"Tenofovir Disoproxil Fumarate 300mg, tablets, 30 Tabs","Tenofovir Disoproxil Fumarate 300mg, tablets, 30 Tabs",300mg,30,2520,See ASN-4872 (ID#:13652),8.25,0.28,40.75
"HIV 1/2, Bioline 3.0 Kit, (no accessories), 30 Tests","HIV 1/2, Bioline 3.0 Kit, (no accessories), 30 Tests",,30,1456,486,24,0.8,75.34
"HIV 1/2, Uni-Gold HIV Kit, 20 Tests","HIV 1/2, Uni-Gold HIV Kit, 20 Tests",,20,383,125,32,1.6,15.16
"HIV 1/2, Stat-Pak Dipstick Assay Kit, 30 Tests","HIV 1/2, Stat-Pak Dipstick Assay Kit, 30 Tests",,30,539,58,27.6,0.92,15.29
"Lopinavir/Ritonavir 80/20mg/ml [Kaletra], oral solution, cool, Bottle 5 x 60 ml","Lopinavir/Ritonavir 80/20mg/ml [Kaletra], oral solution, cool, Bottle 5 x 60 ml",80/20mg/ml,300,520,242,30.82,0.1,19.82
"Nevirapine 50mg, dispersible tablets (tablets for oral suspension), 30 Tabs","Nevirapine 50mg, dispersible tablets (tablets for oral suspension), 30 Tabs",50mg,30,7000,482,1.25,0.04,10.82
"HIV 1/2, Bioline 3.0 Kit, Lancets, Capillary pipets, Alcohol swabs included, 25 Tests","HIV 1/2, Bioline 3.0 Kit, Lancets, Capillary pipets, Alcohol swabs included, 25 Tests",,25,100,34,20,0.8,3.3
"HIV 1/2, Bioline 3.0 Kit, Lancets, Capillary pipets, Alcohol swabs included, 25 Tests","HIV 1/2, Bioline 3.0 Kit, Lancets, Capillary pipets, Alcohol swabs included, 25 Tests",,25,8000,2667,20,0.8,264
"Abacavir 20mg/ml [Ziagen], oral solution, Bottle, 240 ml","Abacavir 20mg/ml [Ziagen], oral solution, Bottle, 240 ml",20mg/ml,240,1,Weight Captured Separately,19.97,0.08,0.04
"HIV 1/2, Determine Complete HIV Kit, 100 Tests","HIV 1/2, Determine Complete HIV Kit, 100 Tests",,100,4000,1556,80,0.8,376.64
"Efavirenz 50mg, capsule, 30 Caps","Efavirenz 50mg, capsule, 30 Caps",50mg,30,3,Weight Captured Separately,3,0.1,0.01
"Raltegravir 400mg [Isentress], tablets, 60 Tabs","Raltegravir 400mg [Isentress], tablets, 60 Tabs",400mg,60,6,Weight Captured Separately,65.75,1.1,0.41
"Lamivudine/Nevirapine/Stavudine 150/200/30mg, tablets, 60 Tabs","Lamivudine/Nevirapine/Stavudine 150/200/30mg, tablets, 60 Tabs",150/200/30mg,60,7,Weight Captured Separately,30.24,0.5,0.26
"Efavirenz/Lamivudine/Tenofovir Disoproxil Fumarate 600/300/300mg, tablets, 30 Tabs","Efavirenz/Lamivudine/Tenofovir Disoproxil Fumarate 600/300/300mg, tablets, 30 Tabs",600/300/300mg,30,37470,4927,11.15,0.37,516.81
"Ritonavir 100mg [Norvir], capsules, cool, 84 Caps","Ritonavir 100mg [Norvir], capsules, cool, 84 Caps",100mg,84,15,Weight Captured Separately,10.76,0.13,0.35
"Sulfadoxine/Pyrimethamine 500/25mg, tablets, 1000 Tabs","Sulfadoxine/Pyrimethamine 500/25mg, tablets, 1000 Tabs",500/25mg,1000,580,500,33.1,0.03,22.6
"Lamivudine 150mg, tablets, 60 Tabs","Lamivudine 150mg, tablets, 60 Tabs",150mg,60,123,Weight Captured Separately,7.05,0.12,0.89
"Atazanavir/Ritonavir 300/100mg, tablets, 30 Tabs","Atazanavir/Ritonavir 300/100mg, tablets, 30 Tabs",300/100mg,30,1455,See ASN-17750 (ID#:36539),22.5,0.75,40.5
"Didanosine 400mg, delayed-release capsules, 30 Caps","Didanosine 400mg, delayed-release capsules, 30 Caps",400mg,30,5,Weight Captured Separately,14.22,0.47,0.07
"Tenofovir Disoproxil Fumarate 300mg, tablets, 30 Tabs","Tenofovir Disoproxil Fumarate 300mg, tablets, 30 Tabs",300mg,30,16354,See ASN-14319 (ID#:19512),5.5,0.18,148.41
"Lamivudine 150mg, tablets, 60 Tabs","Lamivudine 150mg, tablets, 60 Tabs",150mg,60,16645,742,2.35,0.04,64.54
"Efavirenz 600mg, tablets, 30 Tabs","Efavirenz 600mg, tablets, 30 Tabs",600mg,30,70942,6090,4.53,0.15,692.87
"HIV 1/2, Uni-Gold HIV Kit, 20 Tests","HIV 1/2, Uni-Gold HIV Kit, 20 Tests",,20,58,20,32,1.6,3.06
"HIV 1/2, Determine HIV Kit, without Lancets, 100 Tests","HIV 1/2, Determine HIV Kit, without Lancets, 100 Tests",,100,33,8,97.68,0.98,5.32
"HIV 1/2, Uni-Gold HIV Kit, 20 Tests","HIV 1/2, Uni-Gold HIV Kit, 20 Tests",,20,7,See ASN-26738 (ID#:15115),32,1.6,0.23
"Etravirine 100mg [Intelence], tablets, 120 Tabs","Etravirine 100mg [Intelence], tablets, 120 Tabs",100mg,120,4,Weight Captured Separately,27.51,0.23,0.11
"Darunavir 300mg [Prezista], tablets, 120 Tabs","Darunavir 300mg [Prezista], tablets, 120 Tabs",300mg,120,173,35,66.6,0.55,16.15
"Efavirenz 50mg, capsule, 30 Caps","Efavirenz 50mg, capsule, 30 Caps",50mg,30,94,Weight Captured Separately,3.32,0.11,0.39
"Efavirenz/Lamivudine/Tenofovir Disoproxil Fumarate 600/300/300mg, tablets, 30 Tabs","Efavirenz/Lamivudine/Tenofovir Disoproxil Fumarate 600/300/300mg, tablets, 30 Tabs",600/300/300mg,30,17760,Weight Captured Separately,9.5,0.32,198.58
"HIV 1/2, Determine Complete HIV Kit, 100 Tests","HIV 1/2, Determine Complete HIV Kit, 100 Tests",,100,395,See ASN-16730 (ID#:27586),89,0.89,49.29
"Efavirenz 200mg, capsule, 90 Caps","Efavirenz 200mg, capsule, 90 Caps",200mg,90,190,Weight Captured Separately,23.36,0.26,4.56
"Nevirapine 200mg, tablets, 60 Tabs","Nevirapine 200mg, tablets, 60 Tabs",200mg,60,13444,See ASN-11024 (ID#:15149),2.6,0.04,57.67
"Didanosine 250mg, delayed-release capsules, 30 Caps","Didanosine 250mg, delayed-release capsules, 30 Caps",250mg,30,6,Weight Captured Separately,16.82,0.56,0.12
"Abacavir/Lamivudine/Zidovudine 300/150/300mg, tablets, 60 Tabs","Abacavir/Lamivudine/Zidovudine 300/150/300mg, tablets, 60 Tabs",300/150/300mg,60,3136,492,30,0.5,202.84
"Efavirenz 600mg, tablets, 30 Tabs","Efavirenz 600mg, tablets, 30 Tabs",600mg,30,1440,Weight Captured Separately,19.05,0.64,53.76
"Abacavir 300mg [Ziagen], tablets, Blister 6 x 10 Tabs","Abacavir 300mg [Ziagen], tablets, Blister 6 x 10 Tabs",300mg,60,30,Weight Captured Separately,41.23,0.69,2.67
"Lamivudine 150mg [Epivir], tablets, 60 Tabs","Lamivudine 150mg [Epivir], tablets, 60 Tabs",150mg,60,3000,Weight Captured Separately,6.57,0.11,38.62
"Lamivudine/Tenofovir Disoproxil Fumarate 300/300mg, tablets, 30 Tabs","Lamivudine/Tenofovir Disoproxil Fumarate 300/300mg, tablets, 30 Tabs",300/300mg,30,42032,4559,4.62,0.15,199.63
"Lopinavir/Ritonavir 80/20mg/ml [Kaletra], oral solution, cool, Bottle 5 x 60 ml","Lopinavir/Ritonavir 80/20mg/ml [Kaletra], oral solution, cool, Bottle 5 x 60 ml",80/20mg/ml,300,68,116,30.82,0.1,2.94
"HIV 1/2/O, First Response HIV 1-2.0, v.3.0 Cards Kit, 30 Tests","HIV 1/2/O, First Response HIV 1-2.0, v.3.0 Cards Kit, 30 Tests",,30,34,13,22.5,0.75,1.26
"HIV 1/2, Uni-Gold HIV Kit, 20 Tests","HIV 1/2, Uni-Gold HIV Kit, 20 Tests",,20,15,See ASN-28279 (ID#:13547),32,1.6,0.49
"Lamivudine 10mg/ml, oral solution w/syringe, Bottle, 240 ml","Lamivudine 10mg/ml, oral solution w/syringe, Bottle, 240 ml",10mg/ml,240,45000,16260,2.12,0.01,205.68
"Efavirenz/Lamivudine/Tenofovir Disoproxil Fumarate 600/300/300mg, tablets, 30 Tabs","Efavirenz/Lamivudine/Tenofovir Disoproxil Fumarate 600/300/300mg, tablets, 30 Tabs",600/300/300mg,30,92500,See ASN-27525 (ID#:38099),10.5,0.35,998.44
"Tenofovir Disoproxil Fumarate 300mg, tablets, 30 Tabs","Tenofovir Disoproxil Fumarate 300mg, tablets, 30 Tabs",300mg,30,73,Weight Captured Separately,18.07,0.6,1.36
"Nevirapine 200mg, tablets, 60 Tabs","Nevirapine 200mg, tablets, 60 Tabs",200mg,60,39132,3978,2.25,0.04,90.51
"Lamivudine 150mg, tablets, 60 Tabs","Lamivudine 150mg, tablets, 60 Tabs",150mg,60,131138,6360,2.47,0.04,698.35
"Lopinavir/Ritonavir 200/50mg [Aluvia], tablets, 120 Tabs","Lopinavir/Ritonavir 200/50mg [Aluvia], tablets, 120 Tabs",200/50mg,120,3470,862,82.2,0.68,614.96
"HIV 1/2, Uni-Gold HIV Kit, 20 Tests","HIV 1/2, Uni-Gold HIV Kit, 20 Tests",,20,2900,266,32,1.6,114.79
"Nevirapine 200mg, tablets, 60 Tabs","Nevirapine 200mg, tablets, 60 Tabs",200mg,60,7063,412,2.3,0.04,20.09
"Nevirapine 50mg, dispersible tablets (tablets for oral suspension), 30 Tabs","Nevirapine 50mg, dispersible tablets (tablets for oral suspension), 30 Tabs",50mg,30,400,See ASN-26454 (ID#:15994),1.25,0.04,0.51
"HIV 1/2, Determine Complete HIV Kit, 100 Tests","HIV 1/2, Determine Complete HIV Kit, 100 Tests",,100,6523,6523,89,0.89,683.3
"Lamivudine/Zidovudine 150/300mg, tablets, 60 Tabs","Lamivudine/Zidovudine 150/300mg, tablets, 60 Tabs",150/300mg,60,33405,3751,6.85,0.11,283.06
"Didanosine 250mg, delayed-release capsules, 30 Caps","Didanosine 250mg, delayed-release capsules, 30 Caps",250mg,30,6,Weight Captured Separately,11.02,0.37,0.07
"Zidovudine 300mg, tablets, 60 Tabs","Zidovudine 300mg, tablets, 60 Tabs",300mg,60,2098,124,7.43,0.12,33.61
"HIV 1/2, Uni-Gold HIV Kit, 20 Tests","HIV 1/2, Uni-Gold HIV Kit, 20 Tests",,20,675,202,32,1.6,26.72
"HIV 1/2, Determine Complete HIV Kit, 100 Tests","HIV 1/2, Determine Complete HIV Kit, 100 Tests",,100,8787,3560,80,0.8,722.64
"Lamivudine/Zidovudine 150/300mg, tablets, 60 Tabs","Lamivudine/Zidovudine 150/300mg, tablets, 60 Tabs",150/300mg,60,35820,3114,7.15,0.12,359.07
"Tenofovir Disoproxil Fumarate 300mg, tablets, 30 Tabs","Tenofovir Disoproxil Fumarate 300mg, tablets, 30 Tabs",300mg,30,10700,See ASN-26923 (ID#:13027),3.55,0.12,39.05
"Abacavir 300mg, tablets, 60 Tabs","Abacavir 300mg, tablets, 60 Tabs",300mg,60,35,Weight Captured Separately,53.56,0.89,1.93
"Lamivudine/Nevirapine/Zidovudine 150/200/300mg, tablets, 60 Tabs","Lamivudine/Nevirapine/Zidovudine 150/200/300mg, tablets, 60 Tabs",150/300/200mg,60,3000,422,8.1,0.13,28.6
"Zidovudine 300mg, tablets, 60 Tabs","Zidovudine 300mg, tablets, 60 Tabs",300mg,60,1,Weight Captured Separately,24.95,0.42,0.03
"Efavirenz/Emtricitabine/Tenofovir Disoproxil Fumarate 600/200/300mg, tablets, 30 Tabs","Efavirenz/Emtricitabine/Tenofovir Disoproxil Fumarate 600/200/300mg, tablets, 30 Tabs",600/200/300mg,30,39550,4840,10.43,0.35,485.52
"Didanosine 250mg, delayed-release capsules, 30 Caps","Didanosine 250mg, delayed-release capsules, 30 Caps",250mg,30,18,Weight Captured Separately,15.1,0.5,0.28
"Efavirenz 50mg, capsule, 30 Caps","Efavirenz 50mg, capsule, 30 Caps",50mg,30,9,Weight Captured Separately,2.42,0.08,0.02
"Nevirapine 200mg [Viramune], tablets, 60 Tabs","Nevirapine 200mg [Viramune], tablets, 60 Tabs",200mg,60,2600,Weight Captured Separately,20.31,0.34,103.49
"Didanosine 250mg, delayed-release capsules, 30 Caps","Didanosine 250mg, delayed-release capsules, 30 Caps",250mg,30,5,Weight Captured Separately,16.82,0.56,0.1
"HIV 1/2, Determine Complete HIV Kit, 100 Tests","HIV 1/2, Determine Complete HIV Kit, 100 Tests",,100,1250,Weight Captured Separately,128.75,1.29,225.63
"Efavirenz 200mg, capsule, 90 Caps","Efavirenz 200mg, capsule, 90 Caps",200mg,90,1000,See ASN-15795 (ID#:16725),7,0.08,9.81
"Tenofovir Disoproxil Fumarate 300mg, tablets, 30 Tabs","Tenofovir Disoproxil Fumarate 300mg, tablets, 30 Tabs",300mg,30,114,Weight Captured Separately,19.12,0.64,2.24
"Nevirapine 10mg/ml, oral suspension w/syringe, Bottle, 240 ml","Nevirapine 10mg/ml, oral suspension w/syringe, Bottle, 240 ml",10mg/ml,240,5590,2068,2.12,0.01,19.55
"Lopinavir/Ritonavir 80/20mg/ml [Kaletra], oral solution, cool, Bottle 5 x 60 ml","Lopinavir/Ritonavir 80/20mg/ml [Kaletra], oral solution, cool, Bottle 5 x 60 ml",80/20mg/ml,300,60,113,30.82,0.1,2.29
"HIV 1/2, Uni-Gold HIV Kit, 20 Tests","HIV 1/2, Uni-Gold HIV Kit, 20 Tests",,20,246,86,32,1.6,11.04
"Darunavir 300mg [Prezista], tablets, 120 Tabs","Darunavir 300mg [Prezista], tablets, 120 Tabs",300mg,120,90,Weight Captured Separately,66.6,0.55,7.41
"HIV 1/2, Determine Complete HIV Kit, 100 Tests","HIV 1/2, Determine Complete HIV Kit, 100 Tests",,100,2870,1368,80,0.8,378.84
"Zidovudine 300mg, tablets, 60 Tabs","Zidovudine 300mg, tablets, 60 Tabs",300mg,60,4084,See ASN-11023 (ID#:37963),7.25,0.12,48.85
"Atazanavir 150mg [Reyataz], capsules, 60 Caps","Atazanavir 150mg [Reyataz], capsules, 60 Caps",150mg,60,6,Weight Captured Separately,22,0.37,0.14
"HIV 1/2, Determine Complete HIV Kit, 100 Tests","HIV 1/2, Determine Complete HIV Kit, 100 Tests",,100,5060,See ASN-15987 (ID#:42394),80,0.8,567.53
"Efavirenz 30mg/ml [Stocrin/Sustiva], oral solution, Bottle, 180 ml","Efavirenz 30mg/ml [Stocrin/Sustiva], oral solution, Bottle, 180 ml",30mg/ml,180,3355,1006,16.96,0.09,111.53
"Ritonavir 100mg [Norvir], film coated tablets, 30 Tabs","Ritonavir 100mg [Norvir], film coated tablets, 30 Tabs",100mg,30,560,67,23.26,0.78,21.49
"Lopinavir/Ritonavir 80/20mg/ml [Kaletra], oral solution, cool, Bottle 5 x 60 ml","Lopinavir/Ritonavir 80/20mg/ml [Kaletra], oral solution, cool, Bottle 5 x 60 ml",80/20mg/ml,300,4,Weight Captured Separately,15.94,0.05,0.07
"Lamivudine/Zidovudine 150/300mg, tablets, 60 Tabs","Lamivudine/Zidovudine 150/300mg, tablets, 60 Tabs",150/300mg,60,97380,8722,6.59,0.11,793.83
"Abacavir 20mg/ml, oral solution, Bottle, 240 ml","Abacavir 20mg/ml, oral solution, Bottle, 240 ml",20mg/ml,240,3,Weight Captured Separately,17.71,0.07,0.05
"Stavudine 30mg, capsules, 60 Caps","Stavudine 30mg, capsules, 60 Caps",30mg,60,44,Weight Captured Separately,3.73,0.06,0.17
"Efavirenz/Lamivudine/Tenofovir Disoproxil Fumarate 600/300/300mg, tablets, 30 Tabs","Efavirenz/Lamivudine/Tenofovir Disoproxil Fumarate 600/300/300mg, tablets, 30 Tabs",600/300/300mg,30,14500,1640,11.49,0.38,206.09
"Efavirenz/Emtricitabine/Tenofovir Disoproxil Fumarate 600/200/300mg, tablets, 30 Tabs","Efavirenz/Emtricitabine/Tenofovir Disoproxil Fumarate 600/200/300mg, tablets, 30 Tabs",600/200/300mg,30,5409,Weight Captured Separately,38.23,1.27,255.8
"HIV 1/2, Determine HIV Kit, without Lancets, 100 Tests","HIV 1/2, Determine HIV Kit, without Lancets, 100 Tests",,100,170,40,70,0.7,25.66
"Emtricitabine/Tenofovir Disoproxil Fumarate 200/300mg, tablets, 30 Tabs","Emtricitabine/Tenofovir Disoproxil Fumarate 200/300mg, tablets, 30 Tabs",200/300mg,30,100000,9390,7.35,0.24,1030.47
"Abacavir 300mg, tablets, 60 Tabs","Abacavir 300mg, tablets, 60 Tabs",300mg,60,268,Weight Captured Separately,68.32,1.14,18.82
"Lamivudine/Nevirapine/Zidovudine 150/200/300mg, tablets, 60 Tabs","Lamivudine/Nevirapine/Zidovudine 150/200/300mg, tablets, 60 Tabs",150/300/200mg,60,25572,3572,10.99,0.18,463.71
"Lamivudine 150mg, tablets, 60 Tabs","Lamivudine 150mg, tablets, 60 Tabs",150mg,60,189137,9173,2.47,0.04,1007.22
"Lamivudine/Nevirapine/Zidovudine 150/200/300mg, tablets, 60 Tabs","Lamivudine/Nevirapine/Zidovudine 150/200/300mg, tablets, 60 Tabs",150/300/200mg,60,33022,4190,8.13,0.14,332.1
"Abacavir 60mg, dispersible tablets, 60 Tabs","Abacavir 60mg, dispersible tablets, 60 Tabs",60mg,60,864,46,6.2,0.1,7.51
"Zidovudine 300mg [Retrovir], tablets, 60 Tabs","Zidovudine 300mg [Retrovir], tablets, 60 Tabs",300mg,60,200,Weight Captured Separately,15.29,0.25,6.59
"Efavirenz 600mg, tablets, 30 Tabs","Efavirenz 600mg, tablets, 30 Tabs",600mg,30,53571,4974,3.3,0.11,181.73
"Nevirapine 200mg, tablets, 60 Tabs","Nevirapine 200mg, tablets, 60 Tabs",200mg,60,85000,11125,2.22,0.04,193.98
"Abacavir/Lamivudine/Zidovudine 300/150/300mg [Trizivir], tablets, 60 Tabs","Abacavir/Lamivudine/Zidovudine 300/150/300mg [Trizivir], tablets, 60 Tabs",300/150/300mg,60,4640,685,53.71,0.9,488.46
"Emtricitabine/Tenofovir Disoproxil Fumarate 200/300mg, tablets, 30 Tabs","Emtricitabine/Tenofovir Disoproxil Fumarate 200/300mg, tablets, 30 Tabs",200/300mg,30,3,Weight Captured Separately,21.83,0.73,0.07
"Lopinavir/Ritonavir 80/20mg/ml [Kaletra], oral solution, cool, Bottle 5 x 60 ml","Lopinavir/Ritonavir 80/20mg/ml [Kaletra], oral solution, cool, Bottle 5 x 60 ml",80/20mg/ml,300,3794,3287,30.82,0.1,120.21
"Nevirapine 200mg, tablets, 60 Tabs","Nevirapine 200mg, tablets, 60 Tabs",200mg,60,18216,1863,2.25,0.04,42.13
"Lopinavir/Ritonavir 100/25mg [Aluvia], tablets, 60 Tabs","Lopinavir/Ritonavir 100/25mg [Aluvia], tablets, 60 Tabs",100/25mg,60,90,17,10.28,0.17,1.81
"Tenofovir Disoproxil Fumarate 300mg, tablets, 30 Tabs","Tenofovir Disoproxil Fumarate 300mg, tablets, 30 Tabs",300mg,30,64771,4398,7.82,0.26,1092.03
"Lopinavir/Ritonavir 200/50mg, tablets, 120 Tabs","Lopinavir/Ritonavir 200/50mg, tablets, 120 Tabs",200/50mg,120,400,Weight Captured Separately,36,0.3,31.05
"Efavirenz 200mg, capsule, 90 Caps","Efavirenz 200mg, capsule, 90 Caps",200mg,90,2440,163,9.3,0.1,23.33
"Zidovudine 100mg, capsules, 100 Caps","Zidovudine 100mg, capsules, 100 Caps",100mg,100,400,See ASN-23448 (ID#:58372),4.5,0.04,2.23
"Efavirenz 50mg, capsule, 30 Caps","Efavirenz 50mg, capsule, 30 Caps",50mg,30,6,Weight Captured Separately,2.17,0.07,0.01
"Zidovudine 10mg/ml, oral solution, Bottle, 240 ml","Zidovudine 10mg/ml, oral solution, Bottle, 240 ml",10mg/ml,240,864,Weight Captured Separately,1.95,0.01,1.73
"HIV 1/2, Uni-Gold HIV Kit, 20 Tests","HIV 1/2, Uni-Gold HIV Kit, 20 Tests",,20,47,See ASN-31750 (ID#:19272),32,1.6,1.77
"Chase Buffer, Determine, 100 Tests, 2.5ml x 1 Vial","Chase Buffer, Determine, 100 Tests, 2.5ml x 1 Vial",,1,210,See ASN-22040 (ID#:45178),5,5,1.3
"HIV 1/2, Stat-Pak Dipstick Assay Kit, 30 Tests","HIV 1/2, Stat-Pak Dipstick Assay Kit, 30 Tests",,30,428,47,27.6,0.92,14.61
"Efavirenz 50mg, capsule, 30 Caps","Efavirenz 50mg, capsule, 30 Caps",50mg,30,387,Weight Captured Separately,2.81,0.09,1.35
"Efavirenz 600mg, tablets, 30 Tabs","Efavirenz 600mg, tablets, 30 Tabs",600mg,30,25692,Weight Captured Separately,4.53,0.15,250.93
"HIV 1/2, Bioline 3.0 Kit, Lancets, Capillary pipets, Alcohol swabs included, 25 Tests","HIV 1/2, Bioline 3.0 Kit, Lancets, Capillary pipets, Alcohol swabs included, 25 Tests",,25,10000,3349,20,0.8,330
"Zidovudine 300mg, tablets, 60 Tabs","Zidovudine 300mg, tablets, 60 Tabs",300mg,60,770,Weight Captured Separately,26.11,0.44,39.41
"HIV 1/2, Determine Complete HIV Kit, 100 Tests","HIV 1/2, Determine Complete HIV Kit, 100 Tests",,100,1500,1489,80,0.8,258.72
"HIV 1/2, Stat-Pak HIV, Kit, 20 Tests","HIV 1/2, Stat-Pak HIV, Kit, 20 Tests",,20,832,238,29,1.45,29.85
"Tenofovir Disoproxil Fumarate 300mg, tablets, 30 Tabs","Tenofovir Disoproxil Fumarate 300mg, tablets, 30 Tabs",300mg,30,79250,7397,6.65,0.22,869.57
"Efavirenz/Emtricitabine/Tenofovir Disoproxil Fumarate 600/200/300mg, tablets, 30 Tabs","Efavirenz/Emtricitabine/Tenofovir Disoproxil Fumarate 600/200/300mg, tablets, 30 Tabs",600/200/300mg,30,32112,3989,10.43,0.35,394.21
"HIV 1/2, Uni-Gold HIV Kit, 20 Tests","HIV 1/2, Uni-Gold HIV Kit, 20 Tests",,20,24,8,32,1.6,1.08
"Efavirenz 50mg, capsule, 30 Caps","Efavirenz 50mg, capsule, 30 Caps",50mg,30,16,Weight Captured Separately,3.32,0.11,0.07
"Nevirapine 200mg, tablets, 60 Tabs","Nevirapine 200mg, tablets, 60 Tabs",200mg,60,5000,See ASN-13475 (ID#:15772),2.5,0.04,20.62
"Nevirapine 50mg, dispersible tablets (tablets for oral suspension), 30 Tabs","Nevirapine 50mg, dispersible tablets (tablets for oral suspension), 30 Tabs",50mg,30,6100,353,1.25,0.04,7.84
"HIV 1/2, Stat-Pak HIV, Kit, 20 Tests","HIV 1/2, Stat-Pak HIV, Kit, 20 Tests",,20,2400,678,31,1.55,87.57
"Abacavir 300mg, tablets, 60 Tabs","Abacavir 300mg, tablets, 60 Tabs",300mg,60,20000,2039,11.19,0.19,276.84
"Lamivudine 150mg, tablets, 60 Tabs","Lamivudine 150mg, tablets, 60 Tabs",150mg,60,84143,See ASN-10127 (ID#:17949),2.37,0.04,429.95
"Ritonavir 100mg [Norvir], capsules, cool, 4 x 84 Caps","Ritonavir 100mg [Norvir], capsules, cool, 4 x 84 Caps",100mg,336,15,53,38.36,0.11,1.24
"Efavirenz 30mg/ml [Stocrin/Sustiva], oral solution, Bottle, 180 ml","Efavirenz 30mg/ml [Stocrin/Sustiva], oral solution, Bottle, 180 ml",30mg/ml,180,192,54,16.96,0.09,6.38
"Efavirenz 600mg, tablets, 30 Tabs","Efavirenz 600mg, tablets, 30 Tabs",600mg,30,21203,2471,3.24,0.11,70.62
"Darunavir 600mg [Prezista], tablets, 60 Tabs","Darunavir 600mg [Prezista], tablets, 60 Tabs",600mg,60,3,Weight Captured Separately,47.13,0.79,0.15
"Ritonavir 100mg [Norvir], film coated tablets, 60 Tabs","Ritonavir 100mg [Norvir], film coated tablets, 60 Tabs",100mg,60,2145,309,6.85,0.11,24.24
"Nevirapine 200mg, tablets, 60 Tabs","Nevirapine 200mg, tablets, 60 Tabs",200mg,60,237500,15475,2.87,0.05,1469.58
"Didanosine 250mg, delayed-release capsules, 30 Caps","Didanosine 250mg, delayed-release capsules, 30 Caps",250mg,30,784,See ASN-14125 (ID#:22658),13,0.43,16.82
"Etravirine 100mg [Intelence], tablets, 120 Tabs","Etravirine 100mg [Intelence], tablets, 120 Tabs",100mg,120,18,Weight Captured Separately,27.51,0.23,0.51
"HIV 1/2, Determine Complete HIV Kit, 100 Tests","HIV 1/2, Determine Complete HIV Kit, 100 Tests",,100,3182,1290,80,0.8,261.69
"Nevirapine 10mg/ml [Viramune], oral suspension, Bottle, 240 ml","Nevirapine 10mg/ml [Viramune], oral suspension, Bottle, 240 ml",10mg/ml,240,40,Weight Captured Separately,15.64,0.07,1.35
"HIV 1/2, Determine Complete HIV Kit, 100 Tests","HIV 1/2, Determine Complete HIV Kit, 100 Tests",,100,695,332,80,0.8,91.74
"Tenofovir Disoproxil Fumarate 300mg, tablets, 30 Tabs","Tenofovir Disoproxil Fumarate 300mg, tablets, 30 Tabs",300mg,30,76615,Weight Captured Separately,6.65,0.22,840.66
"Capillary Tubes, for Determine, EDTA, 50uL,100 Pcs","Capillary Tubes, for Determine, EDTA, 50uL,100 Pcs",,100,1,2,8,0.08,0.01
"Lamivudine 10mg/ml, oral solution w/syringe, Bottle, 240 ml","Lamivudine 10mg/ml, oral solution w/syringe, Bottle, 240 ml",10mg/ml,240,11640,4440,3,0.01,75.29
"Lopinavir/Ritonavir 200/50mg [Aluvia], tablets, 120 Tabs","Lopinavir/Ritonavir 200/50mg [Aluvia], tablets, 120 Tabs",200/50mg,120,3240,800,36.16,0.3,252.59
"Darunavir 600mg [Prezista], tablets, 60 Tabs","Darunavir 600mg [Prezista], tablets, 60 Tabs",600mg,60,100,Weight Captured Separately,54,0.9,6.36
"Etravirine 100mg [Intelence], tablets, 120 Tabs","Etravirine 100mg [Intelence], tablets, 120 Tabs",100mg,120,502,119,36,0.3,18.58
"Emtricitabine/Tenofovir Disoproxil Fumarate 200/300mg, tablets, 30 Tabs","Emtricitabine/Tenofovir Disoproxil Fumarate 200/300mg, tablets, 30 Tabs",200/300mg,30,10,Weight Captured Separately,23.44,0.78,0.24
"Lamivudine/Zidovudine 150/300mg, tablets, 60 Tabs","Lamivudine/Zidovudine 150/300mg, tablets, 60 Tabs",150/300mg,60,10249,5495,8.2,0.14,138.67
"Abacavir/Lamivudine 60/30mg, dispersible tablets, 60 Tabs","Abacavir/Lamivudine 60/30mg, dispersible tablets, 60 Tabs",60/30mg,60,2460,173,7,0.12,24.14
"Nevirapine 10mg/ml, oral suspension w/syringe, Bottle, 100 ml","Nevirapine 10mg/ml, oral suspension w/syringe, Bottle, 100 ml",10mg/ml,100,11036,2385,1.3,0.01,17.75
"Zidovudine 300mg, tablets, 60 Tabs","Zidovudine 300mg, tablets, 60 Tabs",300mg,60,3,Weight Captured Separately,18.03,0.3,0.06
"Lamivudine/Tenofovir Disoproxil Fumarate 300/300mg, tablets, 30 Tabs","Lamivudine/Tenofovir Disoproxil Fumarate 300/300mg, tablets, 30 Tabs",300/300mg,30,172800,See ASN-9370 (ID#:48500),9.36,0.31,3487.13
"Efavirenz/Lamivudine/Tenofovir Disoproxil Fumarate 600/300/300mg, tablets, 30 Tabs","Efavirenz/Lamivudine/Tenofovir Disoproxil Fumarate 600/300/300mg, tablets, 30 Tabs",600/300/300mg,30,38433,4656,10.74,0.36,424.33
"HIV 1/2, Determine Complete HIV Kit, 100 Tests","HIV 1/2, Determine Complete HIV Kit, 100 Tests",,100,3076,1249,89,0.89,338.65
"HIV 1/2, Uni-Gold HIV Kit, 20 Tests","HIV 1/2, Uni-Gold HIV Kit, 20 Tests",,20,3500,1224,32,1.6,184.8
"Tenofovir Disoproxil Fumarate 300mg, tablets, 30 Tabs","Tenofovir Disoproxil Fumarate 300mg, tablets, 30 Tabs",300mg,30,38,Weight Captured Separately,14.85,0.5,0.58
"Lopinavir/Ritonavir 100/25mg, tablets, 60 Tabs","Lopinavir/Ritonavir 100/25mg, tablets, 60 Tabs",100/25mg,60,42500,3868,8.04,0.13,479.06
"HIV 1/2, Determine Complete HIV Kit, 100 Tests","HIV 1/2, Determine Complete HIV Kit, 100 Tests",,100,2828,Weight Captured Separately,92,0.92,429.29
"HIV 1/2, Bioline 3.0 Kit, (no accessories), 30 Tests","HIV 1/2, Bioline 3.0 Kit, (no accessories), 30 Tests",,30,1206,429,24,0.8,62.4
"Tenofovir Disoproxil Fumarate 300mg, tablets, 30 Tabs","Tenofovir Disoproxil Fumarate 300mg, tablets, 30 Tabs",300mg,30,64738,4457,7.82,0.26,1091.48
"Didanosine 250mg, delayed-release capsules, 30 Caps","Didanosine 250mg, delayed-release capsules, 30 Caps",250mg,30,6,Weight Captured Separately,11.02,0.37,0.07
"Ritonavir 100mg [Norvir], film coated tablets, 60 Tabs","Ritonavir 100mg [Norvir], film coated tablets, 60 Tabs",100mg,60,625,86,6.85,0.11,6
"Efavirenz 600mg, tablets, 30 Tabs","Efavirenz 600mg, tablets, 30 Tabs",600mg,30,61751,Weight Captured Separately,3.15,0.1,228.94
"Lamivudine/Zidovudine 150/300mg, tablets, 60 Tabs","Lamivudine/Zidovudine 150/300mg, tablets, 60 Tabs",150/300mg,60,13,Weight Captured Separately,22.54,0.38,0.3
"Chase Buffer, Determine, 100 Tests, 2.5ml x 1 Vial","Chase Buffer, Determine, 100 Tests, 2.5ml x 1 Vial",,1,112,46,0,0,0
"Tenofovir Disoproxil Fumarate 300mg, tablets, 30 Tabs","Tenofovir Disoproxil Fumarate 300mg, tablets, 30 Tabs",300mg,30,146670,13690,6.65,0.22,2102.87
"HIV 1/2, Uni-Gold HIV Kit, 20 Tests","HIV 1/2, Uni-Gold HIV Kit, 20 Tests",,20,65,See ASN-26738 (ID#:15115),32,1.6,2.14
"Lamivudine 10mg/ml, oral solution w/syringe, Bottle, 240 ml","Lamivudine 10mg/ml, oral solution w/syringe, Bottle, 240 ml",10mg/ml,240,2468,907,2.93,0.01,15.59
"HIV 1/2, Determine Complete HIV Kit, 100 Tests","HIV 1/2, Determine Complete HIV Kit, 100 Tests",,100,1500,714,100,1,185.55
"HIV 1/2, SKB Colloidal Gold, Diagnostic Kit, Antibody, 50 Tests","HIV 1/2, SKB Colloidal Gold, Diagnostic Kit, Antibody, 50 Tests",,1,22497,13749,24.5,24.5,772.75
"Lamivudine/Zidovudine 150/300mg, tablets, 60 Tabs","Lamivudine/Zidovudine 150/300mg, tablets, 60 Tabs",150/300mg,60,24024,2082,6.49,0.11,192.87
"Ritonavir 100mg [Norvir], capsules, cool, 4 x 84 Caps","Ritonavir 100mg [Norvir], capsules, cool, 4 x 84 Caps",100mg,336,56,168,306.88,0.91,37.05
"HIV 1/2, Bioline 3.0 Kit, Lancets, Capillary pipets, Alcohol swabs included, 25 Tests","HIV 1/2, Bioline 3.0 Kit, Lancets, Capillary pipets, Alcohol swabs included, 25 Tests",,25,3800,1267,20.5,0.82,96.36
"Atazanavir/Ritonavir 300/100mg, tablets, 30 Tabs","Atazanavir/Ritonavir 300/100mg, tablets, 30 Tabs",300/100mg,30,1000,132,18,0.6,18.5
"Efavirenz 600mg, tablets, 30 Tabs","Efavirenz 600mg, tablets, 30 Tabs",600mg,30,58489,4972,4.51,0.15,435.25
"Nevirapine 50mg, dispersible tablets (tablets for oral suspension), 30 Tabs","Nevirapine 50mg, dispersible tablets (tablets for oral suspension), 30 Tabs",50mg,30,2293,122,1.25,0.04,3.55
"Emtricitabine/Tenofovir Disoproxil Fumarate 200/300mg, tablets, 30 Tabs","Emtricitabine/Tenofovir Disoproxil Fumarate 200/300mg, tablets, 30 Tabs",200/300mg,30,2,Weight Captured Separately,26.76,0.89,0.06
"Tenofovir Disoproxil Fumarate 300mg, tablets, 30 Tabs","Tenofovir Disoproxil Fumarate 300mg, tablets, 30 Tabs",300mg,30,52158,4868,6.65,0.22,572.3
"HIV 1/2, Determine Complete HIV Kit, 100 Tests","HIV 1/2, Determine Complete HIV Kit, 100 Tests",,100,7982,2278,89,0.89,995.98
"HIV 1/2, Determine Complete HIV Kit, 100 Tests","HIV 1/2, Determine Complete HIV Kit, 100 Tests",,100,2127,881,80,0.8,210.49
"HIV 1/2, Uni-Gold HIV Kit, 20 Tests","HIV 1/2, Uni-Gold HIV Kit, 20 Tests",,20,65,21,32,1.6,3.43
"Lamivudine 10mg/ml, oral solution, Bottle, 240 ml","Lamivudine 10mg/ml, oral solution, Bottle, 240 ml",10mg/ml,240,6,Weight Captured Separately,7.15,0.03,0.04
"Nevirapine 200mg, tablets, 60 Tabs","Nevirapine 200mg, tablets, 60 Tabs",200mg,60,10935,See ASN-7487 (ID#:48120),2.6,0.04,61.3
"Zidovudine 300mg, tablets, 60 Tabs","Zidovudine 300mg, tablets, 60 Tabs",300mg,60,7,Weight Captured Separately,18.03,0.3,0.13
"Abacavir 20mg/ml, oral solution, Bottle, 240 ml","Abacavir 20mg/ml, oral solution, Bottle, 240 ml",20mg/ml,240,4192,1514,8.5,0.04,49.96
"HIV 1/2, Determine Complete HIV Kit, 100 Tests","HIV 1/2, Determine Complete HIV Kit, 100 Tests",,100,350,143,80,0.8,28.78
"Nevirapine 200mg, tablets, 60 Tabs","Nevirapine 200mg, tablets, 60 Tabs",200mg,60,121307,7912,2.2,0.04,330.12
"Efavirenz/Lamivudine/Tenofovir Disoproxil Fumarate 600/300/300mg, tablets, 30 Tabs","Efavirenz/Lamivudine/Tenofovir Disoproxil Fumarate 600/300/300mg, tablets, 30 Tabs",600/300/300mg,30,11904,See ASN-29376 (ID#:13766),10.5,0.35,128.49
"HIV 1/2, Determine HIV Kit, without Lancets, 100 Tests","HIV 1/2, Determine HIV Kit, without Lancets, 100 Tests",,100,4131,937,77.7,0.78,692.03
"HIV 1/2, Determine Complete HIV Kit, 100 Tests","HIV 1/2, Determine Complete HIV Kit, 100 Tests",,100,3200,1526,80,0.8,422.4
"Chase Buffer, Determine, 100 Tests, 2.5ml x 1 Vial","Chase Buffer, Determine, 100 Tests, 2.5ml x 1 Vial",,1,229,Weight Captured Separately,5,5,1.18
"Efavirenz/Emtricitabine/Tenofovir Disoproxil Fumarate 600/200/300mg, tablets, 30 Tabs","Efavirenz/Emtricitabine/Tenofovir Disoproxil Fumarate 600/200/300mg, tablets, 30 Tabs",600/200/300mg,30,65763,8182,12.49,0.42,1016.05
"Emtricitabine/Tenofovir Disoproxil Fumarate 200/300mg, tablets, 30 Tabs","Emtricitabine/Tenofovir Disoproxil Fumarate 200/300mg, tablets, 30 Tabs",200/300mg,30,228,Weight Captured Separately,33.33,1.11,9.4
"HIV 1/2, Determine Complete HIV Kit, 100 Tests","HIV 1/2, Determine Complete HIV Kit, 100 Tests",,100,305,Weight Captured Separately,100,1,35.9
"HIV 1/2, Bioline 3.0 Kit, (no accessories), 30 Tests","HIV 1/2, Bioline 3.0 Kit, (no accessories), 30 Tests",,30,900,300,24,0.8,46.57
"HIV 1/2, Bioline 3.0 Kit, 100 Tests","HIV 1/2, Bioline 3.0 Kit, 100 Tests",,100,41,28,75,0.75,5.07
"Lamivudine 150mg, tablets, 60 Tabs","Lamivudine 150mg, tablets, 60 Tabs",150mg,60,2,1,2.53,0.04,0.01
"HIV, Lancet, Safety, for HIV Test kits, 100 Pcs","HIV, Lancet, Safety, for HIV Test kits, 100 Pcs",,100,21,See ASN-19649 (ID#:15382),5,0.05,0.13
"HIV 1/2, Uni-Gold HIV Kit, 20 Tests","HIV 1/2, Uni-Gold HIV Kit, 20 Tests",,20,18,See ASN-21751 (ID#:13968),32,1.6,0.71
"Efavirenz 600mg, tablets, 30 Tabs","Efavirenz 600mg, tablets, 30 Tabs",600mg,30,111348,6953,3.19,0.11,439.38
"Efavirenz 30mg/ml [Stocrin/Sustiva], oral solution, Bottle, 180 ml","Efavirenz 30mg/ml [Stocrin/Sustiva], oral solution, Bottle, 180 ml",30mg/ml,180,2295,687,16.96,0.09,54.57
"HIV 1/2, Uni-Gold HIV Kit, 20 Tests","HIV 1/2, Uni-Gold HIV Kit, 20 Tests",,20,8261,298,32,1.6,271.75
"HIV 1/2, Stat-Pak HIV, Kit, 20 Tests","HIV 1/2, Stat-Pak HIV, Kit, 20 Tests",,20,340,128,29,1.45,13.82
"Lamivudine/Nevirapine/Zidovudine 150/200/300mg, tablets, 60 Tabs","Lamivudine/Nevirapine/Zidovudine 150/200/300mg, tablets, 60 Tabs",150/300/200mg,60,17584,2446,8.1,0.13,167.64
"HIV 1/2, Determine Complete HIV Kit, 100 Tests","HIV 1/2, Determine Complete HIV Kit, 100 Tests",,100,51,See ASN-32231 (ID#:13648),80,0.8,4.8
"Abacavir 300mg, tablets, 60 Tabs","Abacavir 300mg, tablets, 60 Tabs",300mg,60,1400,See ASN-32265 (ID#:56716),10.95,0.18,18.04
"Lopinavir/Ritonavir 80/20mg/ml [Kaletra], oral solution, cool, Bottle 5 x 60 ml","Lopinavir/Ritonavir 80/20mg/ml [Kaletra], oral solution, cool, Bottle 5 x 60 ml",80/20mg/ml,300,540,519,30.82,0.1,20.59
"Nevirapine 200mg, tablets, 60 Tabs","Nevirapine 200mg, tablets, 60 Tabs",200mg,60,16383,1935,2.92,0.05,103.14
"Indinavir 400mg [Crixivan], capsules, 180 Caps","Indinavir 400mg [Crixivan], capsules, 180 Caps",400mg,180,922,See ASN-11129 (ID#:32064),50,0.28,99.39
"Efavirenz/Lamivudine/Tenofovir Disoproxil Fumarate 600/300/300mg, tablets, 30 Tabs","Efavirenz/Lamivudine/Tenofovir Disoproxil Fumarate 600/300/300mg, tablets, 30 Tabs",600/300/300mg,30,39015,See ASN-30463 (ID#:15460),10.25,0.34,411.1
"HIV 1/2, Uni-Gold HIV Kit, 20 Tests","HIV 1/2, Uni-Gold HIV Kit, 20 Tests",,20,66,29,32,1.6,2.96
"Lamivudine 10mg/ml, oral solution w/syringe, Bottle, 240 ml","Lamivudine 10mg/ml, oral solution w/syringe, Bottle, 240 ml",10mg/ml,240,300,See ASN-14875 (ID#:35053),1.85,0.01,0.78
"Efavirenz 30mg/ml [Stocrin/Sustiva], oral solution, Bottle, 180 ml","Efavirenz 30mg/ml [Stocrin/Sustiva], oral solution, Bottle, 180 ml",30mg/ml,180,5196,1489,16.96,0.09,190
"Nevirapine 200mg, tablets, 60 Tabs","Nevirapine 200mg, tablets, 60 Tabs",200mg,60,39201,3986,2.25,0.04,90.67
"Didanosine 50mg [Videx], chewable tablets, 60 Tabs","Didanosine 50mg [Videx], chewable tablets, 60 Tabs",50mg,60,1887,312,9.5,0.16,38.65
"Efavirenz 600mg, tablets, 30 Tabs","Efavirenz 600mg, tablets, 30 Tabs",600mg,30,34,Weight Captured Separately,11.27,0.38,0.39
"Nevirapine 10mg/ml, oral suspension w/syringe, Bottle, 240 ml","Nevirapine 10mg/ml, oral suspension w/syringe, Bottle, 240 ml",10mg/ml,240,2040,See ASN-19819 (ID#:13739),1.51,0.01,3.81
"Zidovudine 300mg [Retrovir], tablets, 60 Tabs","Zidovudine 300mg [Retrovir], tablets, 60 Tabs",300mg,60,300,Weight Captured Separately,16.09,0.27,9.46
"Tenofovir Disoproxil Fumarate 300mg, tablets, 30 Tabs","Tenofovir Disoproxil Fumarate 300mg, tablets, 30 Tabs",300mg,30,3,Weight Captured Separately,13.82,0.46,0.04
"HIV 1/2, Uni-Gold HIV Kit, 20 Tests","HIV 1/2, Uni-Gold HIV Kit, 20 Tests",,20,585,Weight Captured Separately,32,1.6,22.03
"HIV 1/2, Determine Complete HIV Kit, 100 Tests","HIV 1/2, Determine Complete HIV Kit, 100 Tests",,100,1500,7500,80,0.8,198
"Efavirenz 600mg, tablets, 30 Tabs","Efavirenz 600mg, tablets, 30 Tabs",600mg,30,12200,See ASN-30942 (ID#:19840),3.5,0.12,43.9
"Efavirenz 200mg, capsule, 90 Caps","Efavirenz 200mg, capsule, 90 Caps",200mg,90,51,Weight Captured Separately,23.87,0.27,1.51
"HIV 1/2, Determine Complete HIV Kit, 100 Tests","HIV 1/2, Determine Complete HIV Kit, 100 Tests",,100,10364,4212,89,0.89,948.22
"HIV 1/2, Determine Complete HIV Kit, 100 Tests","HIV 1/2, Determine Complete HIV Kit, 100 Tests",,100,6500,2634,80,0.8,534.56
"HIV 1/2, Uni-Gold HIV Kit, 20 Tests","HIV 1/2, Uni-Gold HIV Kit, 20 Tests",,20,1903,566,32,1.6,62.6
"Didanosine 400mg, delayed-release capsules, 30 Caps","Didanosine 400mg, delayed-release capsules, 30 Caps",400mg,30,9,Weight Captured Separately,15.27,0.51,0.14
"Efavirenz 50mg, capsule, 30 Caps","Efavirenz 50mg, capsule, 30 Caps",50mg,30,400,41,1.56,0.05,0.64
"Lopinavir/Ritonavir 200/50mg [Aluvia], tablets, 120 Tabs","Lopinavir/Ritonavir 200/50mg [Aluvia], tablets, 120 Tabs",200/50mg,120,480,127,36.16,0.3,37.42
"HIV 1/2, Determine Complete HIV Kit, 100 Tests","HIV 1/2, Determine Complete HIV Kit, 100 Tests",,100,1800,865,80,0.8,310.46
"Didanosine 250mg, delayed-release capsules, 30 Caps","Didanosine 250mg, delayed-release capsules, 30 Caps",250mg,30,11,Weight Captured Separately,16.82,0.56,0.23
"Lamivudine 150mg [Epivir], tablets, 60 Tabs","Lamivudine 150mg [Epivir], tablets, 60 Tabs",150mg,60,869,Weight Captured Separately,6.82,0.11,7.33
"Didanosine 400mg, delayed-release capsules, 30 Caps","Didanosine 400mg, delayed-release capsules, 30 Caps",400mg,30,559,46,22.42,0.75,24.56
"Chase Buffer, Determine, 100 Tests, 2.5ml x 1 Vial","Chase Buffer, Determine, 100 Tests, 2.5ml x 1 Vial",,1,3511,981,5,5,21.72
"Efavirenz 600mg, tablets, 30 Tabs","Efavirenz 600mg, tablets, 30 Tabs",600mg,30,7245,622,3.25,0.11,29.13
"Efavirenz 600mg, tablets, 30 Tabs","Efavirenz 600mg, tablets, 30 Tabs",600mg,30,912,Weight Captured Separately,13.81,0.46,14.83
"HIV 1/2, Uni-Gold HIV Kit, 20 Tests","HIV 1/2, Uni-Gold HIV Kit, 20 Tests",,20,4200,1650,32,1.6,263.42
"HIV 1/2, OraQuick Advance HIV Rapid Antibody Kit, 100 Tests","HIV 1/2, OraQuick Advance HIV Rapid Antibody Kit, 100 Tests",,100,30,75,350,3.5,12.99
"Lopinavir/Ritonavir 200/50mg [Aluvia], tablets, 120 Tabs","Lopinavir/Ritonavir 200/50mg [Aluvia], tablets, 120 Tabs",200/50mg,120,7078,1724,60.82,0.51,603.54
"Abacavir/Lamivudine/Zidovudine 300/150/300mg, tablets, 60 Tabs","Abacavir/Lamivudine/Zidovudine 300/150/300mg, tablets, 60 Tabs",300/150/300mg,60,2688,421,32,0.53,168.59
"Lamivudine 150mg, tablets, 60 Tabs","Lamivudine 150mg, tablets, 60 Tabs",150mg,60,52,Weight Captured Separately,6.61,0.11,0.35
"Lopinavir/Ritonavir 200/50mg, tablets, 120 Tabs","Lopinavir/Ritonavir 200/50mg, tablets, 120 Tabs",200/50mg,120,22600,5734,30,0.25,950.56
"HIV 1/2, Bioline 3.0 Kit, Lancets, Capillary pipets, Alcohol swabs included, 25 Tests","HIV 1/2, Bioline 3.0 Kit, Lancets, Capillary pipets, Alcohol swabs included, 25 Tests",,25,9475,3158,20,0.8,371.42
"Etravirine 100mg [Intelence], tablets, 120 Tabs","Etravirine 100mg [Intelence], tablets, 120 Tabs",100mg,120,111,24,36,0.3,5.6
"Efavirenz 600mg, tablets, 30 Tabs","Efavirenz 600mg, tablets, 30 Tabs",600mg,30,1,Weight Captured Separately,19.05,0.64,0.04
"Darunavir 600mg [Prezista], tablets, 60 Tabs","Darunavir 600mg [Prezista], tablets, 60 Tabs",600mg,60,1,Weight Captured Separately,47.13,0.79,0.05
"Efavirenz/Lamivudine/Tenofovir Disoproxil Fumarate 600/300/300mg, tablets, 30 Tabs","Efavirenz/Lamivudine/Tenofovir Disoproxil Fumarate 600/300/300mg, tablets, 30 Tabs",600/300/300mg,30,17760,2516,10,0.33,209.04
"HIV 1/2, Determine Complete HIV Kit, 100 Tests","HIV 1/2, Determine Complete HIV Kit, 100 Tests",,100,2229,See ASN-18768 (ID#:62403),80,0.8,220.58
"Capillary Tubes, for Determine, EDTA, 50uL,100 Pcs","Capillary Tubes, for Determine, EDTA, 50uL,100 Pcs",,100,20,See ASN-31323 (ID#:14240),8,0.08,0.19
"Lopinavir/Ritonavir 200/50mg [Aluvia], tablets, 120 Tabs","Lopinavir/Ritonavir 200/50mg [Aluvia], tablets, 120 Tabs",200/50mg,120,1836,439,60.82,0.51,138.13
"Lopinavir/Ritonavir 80/20mg/ml [Kaletra], oral solution, cool, Bottle 5 x 60 ml","Lopinavir/Ritonavir 80/20mg/ml [Kaletra], oral solution, cool, Bottle 5 x 60 ml",80/20mg/ml,300,150,170,30.82,0.1,5.44
"Efavirenz 600mg, tablets, 30 Tabs","Efavirenz 600mg, tablets, 30 Tabs",600mg,30,136980,10832,4.3,0.14,971.87
"Ritonavir 100mg [Norvir], film coated tablets, 60 Tabs","Ritonavir 100mg [Norvir], film coated tablets, 60 Tabs",100mg,60,350,56,6.85,0.11,2.97
"Efavirenz 200mg, capsule, 90 Caps","Efavirenz 200mg, capsule, 90 Caps",200mg,90,257,Weight Captured Separately,29.05,0.32,9.24
"Tenofovir Disoproxil Fumarate 300mg, tablets, 30 Tabs","Tenofovir Disoproxil Fumarate 300mg, tablets, 30 Tabs",300mg,30,86843,8106,6.65,0.22,952.88
"Lamivudine 150mg, tablets, 60 Tabs","Lamivudine 150mg, tablets, 60 Tabs",150mg,60,138,Weight Captured Separately,9.14,0.15,1.3
"Lamivudine 150mg, tablets, 60 Tabs","Lamivudine 150mg, tablets, 60 Tabs",150mg,60,20000,980,2.15,0.04,44.2
"Lamivudine 300mg, tablets, 30 Tabs","Lamivudine 300mg, tablets, 30 Tabs",300mg,30,1080,Weight Captured Separately,2,0.07,2.54
"Didanosine 250mg, delayed-release capsules, 30 Caps","Didanosine 250mg, delayed-release capsules, 30 Caps",250mg,30,17,Weight Captured Separately,14.27,0.48,0.3
"Tenofovir Disoproxil Fumarate 300mg, tablets, 30 Tabs","Tenofovir Disoproxil Fumarate 300mg, tablets, 30 Tabs",300mg,30,2000,111,7,0.23,30.18
"Lopinavir/Ritonavir 80/20mg/ml [Kaletra], oral solution, cool, Bottle 5 x 60 ml","Lopinavir/Ritonavir 80/20mg/ml [Kaletra], oral solution, cool, Bottle 5 x 60 ml",80/20mg/ml,300,252,316,30.82,0.1,9.14
"Saquinavir 200mg [Invirase], capsules, 270 Caps","Saquinavir 200mg [Invirase], capsules, 270 Caps",200mg,270,392,202,94.43,0.35,72.55
"Lamivudine/Nevirapine/Zidovudine 150/200/300mg, tablets, 60 Tabs","Lamivudine/Nevirapine/Zidovudine 150/200/300mg, tablets, 60 Tabs",150/300/200mg,60,14663,Weight Captured Separately,8.1,0.13,139.79
"Lamivudine 150mg, tablets, 60 Tabs","Lamivudine 150mg, tablets, 60 Tabs",150mg,60,2520,See ASN-5132 (ID#:22186),2.4,0.04,11.85
"Lamivudine/Tenofovir Disoproxil Fumarate 300/300mg, tablets, 30 Tabs","Lamivudine/Tenofovir Disoproxil Fumarate 300/300mg, tablets, 30 Tabs",300/300mg,30,19776,2122,5.1,0.17,141.4
"HIV 1/2, Determine Complete HIV Kit, 100 Tests","HIV 1/2, Determine Complete HIV Kit, 100 Tests",,100,154,60,80,0.8,15.24
"Etravirine 100mg [Intelence], tablets, 120 Tabs","Etravirine 100mg [Intelence], tablets, 120 Tabs",100mg,120,3,Weight Captured Separately,35.42,0.3,0.11
"Zidovudine 10mg/ml, oral solution w/syringe, Bottle, 240 ml","Zidovudine 10mg/ml, oral solution w/syringe, Bottle, 240 ml",10mg/ml,240,691,See ASN-17672 (ID#:15352),2.1,0.01,1.8
"Tenofovir Disoproxil Fumarate 300mg, tablets, 30 Tabs","Tenofovir Disoproxil Fumarate 300mg, tablets, 30 Tabs",300mg,30,4872,See ASN-6252 (ID#:36969),7.5,0.25,71.62
"Zidovudine 300mg, tablets, 60 Tabs","Zidovudine 300mg, tablets, 60 Tabs",300mg,60,11,Weight Captured Separately,24.95,0.42,0.28
"HIV 1/2, Determine Complete HIV Kit, 100 Tests","HIV 1/2, Determine Complete HIV Kit, 100 Tests",,100,3023,1221,89,0.89,332.81
"Didanosine 25mg [Videx], chewable tablets, 60 Tabs","Didanosine 25mg [Videx], chewable tablets, 60 Tabs",25mg,60,1014,247,7,0.12,8.78
"Lamivudine/Nevirapine/Zidovudine 150/200/300mg, tablets, 60 Tabs","Lamivudine/Nevirapine/Zidovudine 150/200/300mg, tablets, 60 Tabs",150/300/200mg,60,38707,4926,8.13,0.14,389.27
"HIV, Lancet, Safety, for HIV Test kits, 100 Pcs","HIV, Lancet, Safety, for HIV Test kits, 100 Pcs",,100,153,See ASN-24507 (ID#:53327),5,0.05,0.79
"Abacavir 300mg, tablets, 60 Tabs","Abacavir 300mg, tablets, 60 Tabs",300mg,60,2610,See ASN-16472 (ID#:20383),12.49,0.21,45.7
"HIV 1/2, Uni-Gold HIV Kit, 20 Tests","HIV 1/2, Uni-Gold HIV Kit, 20 Tests",,20,250,88,32,1.6,15.68
"Abacavir 300mg, tablets, 60 Tabs","Abacavir 300mg, tablets, 60 Tabs",300mg,60,427,62,19.33,0.32,16.18
"Zidovudine 300mg, tablets, 60 Tabs","Zidovudine 300mg, tablets, 60 Tabs",300mg,60,3,Weight Captured Separately,24.95,0.42,0.08
"HIV 1/2, Determine Complete HIV Kit, 100 Tests","HIV 1/2, Determine Complete HIV Kit, 100 Tests",,100,260,119,89,0.89,49.89
"HIV 1/2, Determine Complete HIV Kit, 100 Tests","HIV 1/2, Determine Complete HIV Kit, 100 Tests",,100,2744,1186,80,0.8,307.77
"Abacavir 300mg, tablets, 60 Tabs","Abacavir 300mg, tablets, 60 Tabs",300mg,60,249,See ASN-7510 (ID#:35983),15.89,0.26,8.53
"HIV 1/2, Determine Complete HIV Kit, 100 Tests","HIV 1/2, Determine Complete HIV Kit, 100 Tests",,100,5000,1238,80,0.8,494.8
"Ritonavir 100mg [Norvir], film coated tablets, 30 Tabs","Ritonavir 100mg [Norvir], film coated tablets, 30 Tabs",100mg,30,400,52,23.26,0.78,9.56
"#109436**HIV 1, Uni-Gold Recombigen HIV Control, Vial 2 x 0.5 ml","#109436**HIV 1, Uni-Gold Recombigen HIV Control, Vial 2 x 0.5 ml",,2,15,1,31,15.5,1
"Efavirenz/Lamivudine/Tenofovir Disoproxil Fumarate 600/300/300mg, tablets, 30 Tabs","Efavirenz/Lamivudine/Tenofovir Disoproxil Fumarate 600/300/300mg, tablets, 30 Tabs",600/300/300mg,30,56500,7324,10.25,0.34,595.34
"Efavirenz 50mg, capsule, 30 Caps","Efavirenz 50mg, capsule, 30 Caps",50mg,30,71,Weight Captured Separately,3.32,0.11,0.29
"Lopinavir/Ritonavir 200/50mg, tablets, 120 Tabs","Lopinavir/Ritonavir 200/50mg, tablets, 120 Tabs",200/50mg,120,3393,901,21.8,0.18,76.04
"Efavirenz 200mg, capsule, 90 Caps","Efavirenz 200mg, capsule, 90 Caps",200mg,90,21,Weight Captured Separately,17.04,0.19,0.37
"Darunavir 300mg [Prezista], tablets, 120 Tabs","Darunavir 300mg [Prezista], tablets, 120 Tabs",300mg,120,454,79,66.6,0.55,37.4
"HIV 1/2, SKB Colloidal Gold, Diagnostic Kit, Antibody, 50 Tests","HIV 1/2, SKB Colloidal Gold, Diagnostic Kit, Antibody, 50 Tests",,1,4000,2764,24.5,24.5,115.35
"HIV 1/2, Stat-Pak HIV, Kit, 20 Tests","HIV 1/2, Stat-Pak HIV, Kit, 20 Tests",,20,2155,622,29,1.45,87.62
"HIV 1/2, Determine Complete HIV Kit, 100 Tests","HIV 1/2, Determine Complete HIV Kit, 100 Tests",,100,39,17,80,0.8,3.21
"Lopinavir/Ritonavir 200/50mg [Aluvia], tablets, 120 Tabs","Lopinavir/Ritonavir 200/50mg [Aluvia], tablets, 120 Tabs",200/50mg,120,16800,4213,30.82,0.26,854.33
"Lamivudine/Nevirapine/Zidovudine 150/200/300mg, tablets, 60 Tabs","Lamivudine/Nevirapine/Zidovudine 150/200/300mg, tablets, 60 Tabs",150/300/200mg,60,80516,11646,8.1,0.13,806.75
"Nevirapine 200mg, tablets, 60 Tabs","Nevirapine 200mg, tablets, 60 Tabs",200mg,60,300,Weight Captured Separately,22.53,0.38,13.25
"Efavirenz 600mg, tablets, 30 Tabs","Efavirenz 600mg, tablets, 30 Tabs",600mg,30,632,Weight Captured Separately,16.57,0.55,12.96
"Abacavir 300mg, tablets, 60 Tabs","Abacavir 300mg, tablets, 60 Tabs",300mg,60,683,See ASN-19859 (ID#:59267),12.25,0.2,10.35
"Lopinavir/Ritonavir 100/25mg [Aluvia], tablets, 60 Tabs","Lopinavir/Ritonavir 100/25mg [Aluvia], tablets, 60 Tabs",100/25mg,60,300,37,9.04,0.15,5.85
"HIV 1/2, Determine Complete HIV Kit, 100 Tests","HIV 1/2, Determine Complete HIV Kit, 100 Tests",,100,6133,2483,89,0.89,561.12
"Atazanavir/Ritonavir 300/100mg, tablets, 30 Tabs","Atazanavir/Ritonavir 300/100mg, tablets, 30 Tabs",300/100mg,30,1270,See ASN-18558 (ID#:27015),22.5,0.75,40.06
"Lopinavir/Ritonavir 80/20mg/ml [Kaletra], oral solution, cool, Bottle 5 x 60 ml","Lopinavir/Ritonavir 80/20mg/ml [Kaletra], oral solution, cool, Bottle 5 x 60 ml",80/20mg/ml,300,6914,6090,30.82,0.1,250.81
"HIV 1/2, Uni-Gold HIV Kit, 20 Tests","HIV 1/2, Uni-Gold HIV Kit, 20 Tests",,20,18,See ASN-22955 (ID#:19019),32,1.6,0.71
"HIV 1/2, Uni-Gold HIV Kit, 20 Tests","HIV 1/2, Uni-Gold HIV Kit, 20 Tests",,20,252,82,32,1.6,8.29
"HIV 1/2, Uni-Gold HIV Kit, 20 Tests","HIV 1/2, Uni-Gold HIV Kit, 20 Tests",,20,90,See ASN-26738 (ID#:15115),32,1.6,2.96
"HIV 1/2, Uni-Gold HIV Kit, 20 Tests","HIV 1/2, Uni-Gold HIV Kit, 20 Tests",,20,125,41,32,1.6,4.95
"Efavirenz 200mg, capsule, 90 Caps","Efavirenz 200mg, capsule, 90 Caps",200mg,90,60,Weight Captured Separately,26.03,0.29,1.93
"HIV 1/2, Uni-Gold HIV Kit, 20 Tests","HIV 1/2, Uni-Gold HIV Kit, 20 Tests",,20,20000,6568,32,1.6,897.28
"HIV 1/2, Stat-Pak Dipstick Assay Kit, 30 Tests","HIV 1/2, Stat-Pak Dipstick Assay Kit, 30 Tests",,30,2850,318,27.6,0.92,97.3
"Indinavir 400mg [Crixivan], capsules, 180 Caps","Indinavir 400mg [Crixivan], capsules, 180 Caps",400mg,180,28,7,50,0.28,3.02
"HIV 1/2, Determine Complete HIV Kit, 100 Tests","HIV 1/2, Determine Complete HIV Kit, 100 Tests",,100,2744,1303,80,0.8,307.77
"Lamivudine 150mg, tablets, 60 Tabs","Lamivudine 150mg, tablets, 60 Tabs",150mg,60,333334,16496,2.57,0.04,1846.98
"HIV 1/2, Stat-Pak Dipstick Assay Kit, 30 Tests","HIV 1/2, Stat-Pak Dipstick Assay Kit, 30 Tests",,30,800,86,27.6,0.92,22.7
"HIV 1/2, Determine Complete HIV Kit, 100 Tests","HIV 1/2, Determine Complete HIV Kit, 100 Tests",,100,3040,1235,89,0.89,334.68
"HIV 1/2, Determine Complete HIV Kit, 100 Tests","HIV 1/2, Determine Complete HIV Kit, 100 Tests",,100,6000,2862,80,0.8,672.96
"Efavirenz 600mg, tablets, 30 Tabs","Efavirenz 600mg, tablets, 30 Tabs",600mg,30,113020,8826,4.3,0.14,801.88
"Nevirapine 200mg, tablets, 60 Tabs","Nevirapine 200mg, tablets, 60 Tabs",200mg,60,65072,4194,2.87,0.05,402.65
"Nevirapine 50mg, dispersible tablets (tablets for oral suspension), 30 Tabs","Nevirapine 50mg, dispersible tablets (tablets for oral suspension), 30 Tabs",50mg,30,6500,406,1.25,0.04,10.05
"Efavirenz/Lamivudine/Tenofovir Disoproxil Fumarate 600/300/300mg, tablets, 30 Tabs","Efavirenz/Lamivudine/Tenofovir Disoproxil Fumarate 600/300/300mg, tablets, 30 Tabs",600/300/300mg,30,47970,5438,14.1,0.47,948.28
"Lopinavir/Ritonavir 80/20mg/ml [Kaletra], oral solution, cool, Bottle 5 x 60 ml","Lopinavir/Ritonavir 80/20mg/ml [Kaletra], oral solution, cool, Bottle 5 x 60 ml",80/20mg/ml,300,340,336,30.82,0.1,12.96
"HIV 1/2, Bioline 3.0 Kit, Lancets, Capillary pipets, Alcohol swabs included, 25 Tests","HIV 1/2, Bioline 3.0 Kit, Lancets, Capillary pipets, Alcohol swabs included, 25 Tests",,25,400,125,20.5,0.82,8.43
"Didanosine 25mg [Videx], chewable tablets, 60 Tabs","Didanosine 25mg [Videx], chewable tablets, 60 Tabs",25mg,60,150,Weight Captured Separately,45.62,0.76,11.29
"Efavirenz 600mg, tablets, 30 Tabs","Efavirenz 600mg, tablets, 30 Tabs",600mg,30,15881,See ASN-17075 (ID#:20697),3.3,0.11,73.48
"HIV 1/2, Stat-Pak HIV, Kit, 20 Tests","HIV 1/2, Stat-Pak HIV, Kit, 20 Tests",,20,167,50,29,1.45,7.99
"Lamivudine/Tenofovir Disoproxil Fumarate 300/300mg, tablets, 30 Tabs","Lamivudine/Tenofovir Disoproxil Fumarate 300/300mg, tablets, 30 Tabs",300/300mg,30,2910,352,4.62,0.15,13.82
"Chase Buffer, Determine, 100 Tests, 2.5ml x 1 Vial","Chase Buffer, Determine, 100 Tests, 2.5ml x 1 Vial",,1,2407,See ASN-20472 (ID#:38266),5,5,14.89
"HIV 1/2, Determine Complete HIV Kit, 100 Tests","HIV 1/2, Determine Complete HIV Kit, 100 Tests",,100,120,55,80,0.8,9.87
"HIV 1/2, Bioline 3.0 Kit, (no accessories), 30 Tests","HIV 1/2, Bioline 3.0 Kit, (no accessories), 30 Tests",,30,1800,560,24,0.8,84.67
"HIV 1/2, SKB Colloidal Gold, Diagnostic Kit, Antibody, 50 Tests","HIV 1/2, SKB Colloidal Gold, Diagnostic Kit, Antibody, 50 Tests",,1,360,261,23,23,17.85
"Lamivudine 10mg/ml, oral solution w/syringe, Bottle, 240 ml","Lamivudine 10mg/ml, oral solution w/syringe, Bottle, 240 ml",10mg/ml,240,48264,17436,2.02,0.01,210.2
"HIV 1/2, SKB Colloidal Gold, Diagnostic Kit, Antibody, 50 Tests","HIV 1/2, SKB Colloidal Gold, Diagnostic Kit, Antibody, 50 Tests",,1,1600,1111,24.5,24.5,54.96
"HIV 1/2, Determine HIV Kit, without Lancets, 100 Tests","HIV 1/2, Determine HIV Kit, without Lancets, 100 Tests",,100,5000,1134,77.7,0.78,837.61
"Artemether/Lumefantrine 20/120mg [Coartem], scored tablets, Blister 30 x 24 Tabs","Artemether/Lumefantrine 20/120mg [Coartem], scored tablets, Blister 30 x 24 Tabs",20/120mg,720,2500,1746,52.8,0.07,185.06
"HIV 1/2, Determine Complete HIV Kit, 100 Tests","HIV 1/2, Determine Complete HIV Kit, 100 Tests",,100,2835,1352,89,0.89,353.75
"Darunavir 600mg [Prezista], tablets, 60 Tabs","Darunavir 600mg [Prezista], tablets, 60 Tabs",600mg,60,80,13,66.6,1.11,5.48
"Efavirenz/Lamivudine/Tenofovir Disoproxil Fumarate 600/300/300mg, tablets, 30 Tabs","Efavirenz/Lamivudine/Tenofovir Disoproxil Fumarate 600/300/300mg, tablets, 30 Tabs",600/300/300mg,30,13736,See ASN-33269 (ID#:25323),9.5,0.32,153.59
"HIV 1/2, Determine HIV Kit, without Lancets, 100 Tests","HIV 1/2, Determine HIV Kit, without Lancets, 100 Tests",,100,180,42,70,0.7,24.7
"Stavudine 1mg/ml, powder for oral solution w/syringe, 200 ml","Stavudine 1mg/ml, powder for oral solution w/syringe, 200 ml",1mg/ml,200,300,See ASN-18919 (ID#:14578),1.25,0.01,0.46
"HIV 1/2, Determine Complete HIV Kit, 100 Tests","HIV 1/2, Determine Complete HIV Kit, 100 Tests",,100,3056,1241,89,0.89,336.44
"HIV 1/2, Determine Complete HIV Kit, 100 Tests","HIV 1/2, Determine Complete HIV Kit, 100 Tests",,100,4000,1624,100,1,411.2
"HIV 1/2, Determine Complete HIV Kit, 100 Tests","HIV 1/2, Determine Complete HIV Kit, 100 Tests",,100,2835,1352,89,0.89,353.75
"Chase Buffer, Determine, 100 Tests, 2.5ml x 1 Vial","Chase Buffer, Determine, 100 Tests, 2.5ml x 1 Vial",,1,39,See ASN-29141 (ID#:63419),5,5,0.2
"Lopinavir/Ritonavir 80/20mg/ml [Kaletra], oral solution, cool, Bottle 5 x 60 ml","Lopinavir/Ritonavir 80/20mg/ml [Kaletra], oral solution, cool, Bottle 5 x 60 ml",80/20mg/ml,300,340,336,30.82,0.1,12.96
"HIV 1/2, Uni-Gold HIV Kit, 20 Tests","HIV 1/2, Uni-Gold HIV Kit, 20 Tests",,20,2400,See ASN-5953 (ID#:39606),32,1.6,165.58
"Efavirenz 600mg, tablets, 30 Tabs","Efavirenz 600mg, tablets, 30 Tabs",600mg,30,90273,Weight Captured Separately,4.51,0.15,671.77
"HIV 1/2, Uni-Gold HIV Kit, 20 Tests","HIV 1/2, Uni-Gold HIV Kit, 20 Tests",,20,2600,775,32,1.6,97.93
"HIV 1/2, Determine Complete HIV Kit, 100 Tests","HIV 1/2, Determine Complete HIV Kit, 100 Tests",,100,3094,1477,80,0.8,408.41
"Capillary Tubes, for Determine, EDTA, 50uL,100 Pcs","Capillary Tubes, for Determine, EDTA, 50uL,100 Pcs",,100,4,2,8,0.08,0.05
"Lopinavir/Ritonavir 100/25mg [Aluvia], tablets, 60 Tabs","Lopinavir/Ritonavir 100/25mg [Aluvia], tablets, 60 Tabs",100/25mg,60,9253,1065,5.94,0.1,56.5
"Didanosine 250mg, delayed-release capsules, 30 Caps","Didanosine 250mg, delayed-release capsules, 30 Caps",250mg,30,3,Weight Captured Separately,15.25,0.51,0.05
"Nevirapine 200mg, tablets, 60 Tabs","Nevirapine 200mg, tablets, 60 Tabs",200mg,60,7700,See ASN-30940 (ID#:51233),2.16,0.04,19.58
"Abacavir 300mg, tablets, 60 Tabs","Abacavir 300mg, tablets, 60 Tabs",300mg,60,47,Weight Captured Separately,77.15,1.29,4.49
"HIV 1/2, Determine Complete HIV Kit, 100 Tests","HIV 1/2, Determine Complete HIV Kit, 100 Tests",,100,97,See ASN-32231 (ID#:13648),80,0.8,9.13
"Lopinavir/Ritonavir 200/50mg [Aluvia], tablets, 120 Tabs","Lopinavir/Ritonavir 200/50mg [Aluvia], tablets, 120 Tabs",200/50mg,120,7000,1714,60.82,0.51,437.66
"Lamivudine/Stavudine 150/30mg, tablets, 60 Tabs","Lamivudine/Stavudine 150/30mg, tablets, 60 Tabs",150/30mg,60,384,30,2.49,0.04,1.18
"HIV 1/2, Determine Complete HIV Kit, 100 Tests","HIV 1/2, Determine Complete HIV Kit, 100 Tests",,100,7243,1247,89,0.89,1389.82
"HIV 1/2, Uni-Gold HIV Kit, 20 Tests","HIV 1/2, Uni-Gold HIV Kit, 20 Tests",,20,4200,1462,32,1.6,263.42
"HIV 1/2, Determine Complete HIV Kit, 100 Tests","HIV 1/2, Determine Complete HIV Kit, 100 Tests",,100,2128,1022,89,0.89,312.5
"Abacavir/Lamivudine 600/300mg, tablets, 30 Tabs","Abacavir/Lamivudine 600/300mg, tablets, 30 Tabs",600/300mg,30,14000,1428,14.5,0.48,251.11
"Lamivudine/Nevirapine/Zidovudine 150/200/300mg, tablets, 60 Tabs","Lamivudine/Nevirapine/Zidovudine 150/200/300mg, tablets, 60 Tabs",150/300/200mg,60,39449,5714,8.1,0.13,395.27
"Ritonavir 100mg [Norvir], capsules, cool, 4 x 84 Caps","Ritonavir 100mg [Norvir], capsules, cool, 4 x 84 Caps",100mg,336,680,1299,38.36,0.11,51.13
"Lopinavir/Ritonavir 80/20mg/ml [Kaletra], oral solution, cool, Bottle 5 x 60 ml","Lopinavir/Ritonavir 80/20mg/ml [Kaletra], oral solution, cool, Bottle 5 x 60 ml",80/20mg/ml,300,610,708,30.82,0.1,19.33
"HIV 1/2, Determine Complete HIV Kit, 100 Tests","HIV 1/2, Determine Complete HIV Kit, 100 Tests",,100,3125,1581,80,0.8,257
"Ritonavir 100mg [Norvir], film coated tablets, 60 Tabs","Ritonavir 100mg [Norvir], film coated tablets, 60 Tabs",100mg,60,579,103,6.85,0.11,4.08
"Abacavir 20mg/ml, oral solution, Bottle, 240 ml","Abacavir 20mg/ml, oral solution, Bottle, 240 ml",20mg/ml,240,25,Weight Captured Separately,19,0.08,0.49
"Lamivudine/Tenofovir Disoproxil Fumarate 300/300mg, tablets, 30 Tabs","Lamivudine/Tenofovir Disoproxil Fumarate 300/300mg, tablets, 30 Tabs",300/300mg,30,19152,8351,4.62,0.15,109.45
"Efavirenz 50mg, capsule, 30 Caps","Efavirenz 50mg, capsule, 30 Caps",50mg,30,69,See ASN-20003 (ID#:38247),2.24,0.07,0.19
"Abacavir 300mg, tablets, 60 Tabs","Abacavir 300mg, tablets, 60 Tabs",300mg,60,120,12,14.93,0.25,2.96
"Capillary Tubes, for Determine, EDTA, 50uL,100 Pcs","Capillary Tubes, for Determine, EDTA, 50uL,100 Pcs",,100,100,See ASN-31338 (ID#:38992),8,0.08,0.94
"HIV 1/2, Stat-Pak HIV, Kit, 20 Tests","HIV 1/2, Stat-Pak HIV, Kit, 20 Tests",,20,25,7,29,1.45,0.9
"Indinavir 400mg [Crixivan], capsules, 180 Caps","Indinavir 400mg [Crixivan], capsules, 180 Caps",400mg,180,28,7,50,0.28,2.31
"HIV 1/2, Stat-Pak HIV, Kit, 20 Tests","HIV 1/2, Stat-Pak HIV, Kit, 20 Tests",,20,2388,740,31,1.55,76.1
"Efavirenz/Lamivudine/Tenofovir Disoproxil Fumarate 600/300/300mg, tablets, 30 Tabs","Efavirenz/Lamivudine/Tenofovir Disoproxil Fumarate 600/300/300mg, tablets, 30 Tabs",600/300/300mg,30,39600,5986,10.5,0.35,514.34
"Atazanavir/Ritonavir 300/100mg, tablets, 30 Tabs","Atazanavir/Ritonavir 300/100mg, tablets, 30 Tabs",300/100mg,30,10717,1400,18,0.6,198.31
"Chase Buffer, Determine, 100 Tests, 2.5ml x 1 Vial","Chase Buffer, Determine, 100 Tests, 2.5ml x 1 Vial",,1,3438,See ASN-26736 (ID#:64603),5,5,17.67
"Nevirapine 200mg, tablets, 60 Tabs","Nevirapine 200mg, tablets, 60 Tabs",200mg,60,85111,5437,2.9,0.05,532.15
"HIV 1/2, Stat-Pak HIV, Kit, 20 Tests","HIV 1/2, Stat-Pak HIV, Kit, 20 Tests",,20,360,112,32.5,1.62,13.77
"Saquinavir 200mg [Invirase], capsules, 270 Caps","Saquinavir 200mg [Invirase], capsules, 270 Caps",200mg,270,27,Weight Captured Separately,59.67,0.22,1.66
"HIV 1/2, Determine Complete HIV Kit, 100 Tests","HIV 1/2, Determine Complete HIV Kit, 100 Tests",,100,2744,1186,89,0.89,342.39
"HIV 1/2, Uni-Gold HIV Kit, 20 Tests","HIV 1/2, Uni-Gold HIV Kit, 20 Tests",,20,32,See ASN-26738 (ID#:15115),32,1.6,1.05
"Lopinavir/Ritonavir 200/50mg [Aluvia], tablets, 120 Tabs","Lopinavir/Ritonavir 200/50mg [Aluvia], tablets, 120 Tabs",200/50mg,120,3434,826,60.82,0.51,258.35
"Abacavir/Lamivudine 60/30mg, tablets, 60 Tabs","Abacavir/Lamivudine 60/30mg, tablets, 60 Tabs",60/30mg,60,9073,437,3.95,0.07,36.84
"HIV 1/2, Uni-Gold HIV Kit, 20 Tests","HIV 1/2, Uni-Gold HIV Kit, 20 Tests",,20,125,40,32,1.6,4.95
"HIV 1/2, Determine Complete HIV Kit, 100 Tests","HIV 1/2, Determine Complete HIV Kit, 100 Tests",,100,9330,3787,89,0.89,1027.17
"Atazanavir/Ritonavir 300/100mg, tablets, 30 Tabs","Atazanavir/Ritonavir 300/100mg, tablets, 30 Tabs",300/100mg,30,3905,See ASN-22712 (ID#:47413),20,0.67,96.61
"Lopinavir/Ritonavir 100/25mg [Aluvia], tablets, 60 Tabs","Lopinavir/Ritonavir 100/25mg [Aluvia], tablets, 60 Tabs",100/25mg,60,1305,150,7.71,0.13,16.6
"Nevirapine 200mg, tablets, 60 Tabs","Nevirapine 200mg, tablets, 60 Tabs",200mg,60,3000,See ASN-33146 (ID#:44860),2.16,0.04,7.63
"Zidovudine 100mg [Retrovir], capsules, 100 Caps","Zidovudine 100mg [Retrovir], capsules, 100 Caps",100mg,100,40,Weight Captured Separately,13.6,0.14,1.17
"Lopinavir/Ritonavir 200/50mg, tablets, 120 Tabs","Lopinavir/Ritonavir 200/50mg, tablets, 120 Tabs",200/50mg,120,740,183,37.5,0.31,59.83
"HIV 1/2, Determine Complete HIV Kit, 100 Tests","HIV 1/2, Determine Complete HIV Kit, 100 Tests",,100,3076,1249,89,0.89,338.65
"Zidovudine 300mg, tablets, 60 Tabs","Zidovudine 300mg, tablets, 60 Tabs",300mg,60,25932,1548,5.43,0.09,144.75
"Efavirenz/Lamivudine/Tenofovir Disoproxil Fumarate 600/300/300mg, tablets, 30 Tabs","Efavirenz/Lamivudine/Tenofovir Disoproxil Fumarate 600/300/300mg, tablets, 30 Tabs",600/300/300mg,30,14016,1955,10.5,0.35,151.29
"Lopinavir/Ritonavir 100/25mg [Aluvia], tablets, 60 Tabs","Lopinavir/Ritonavir 100/25mg [Aluvia], tablets, 60 Tabs",100/25mg,60,14322,See ASN-31449 (ID#:41304),5.94,0.1,100.13
"HIV 1/2, Uni-Gold HIV Kit, 20 Tests","HIV 1/2, Uni-Gold HIV Kit, 20 Tests",,20,385,129,32,1.6,20.33
"Lopinavir/Ritonavir 80/20mg/ml [Kaletra], oral solution, cool, Bottle 5 x 60 ml","Lopinavir/Ritonavir 80/20mg/ml [Kaletra], oral solution, cool, Bottle 5 x 60 ml",80/20mg/ml,300,23,53,60.82,0.2,1.44
"HIV 1/2, Determine Complete HIV Kit, 100 Tests","HIV 1/2, Determine Complete HIV Kit, 100 Tests",,100,655,2,100,1,81.02
"HIV 1/2, OraQuick Advance HIV Rapid Antibody Kit, 100 Tests","HIV 1/2, OraQuick Advance HIV Rapid Antibody Kit, 100 Tests",,100,20,48,350,3.5,13.72
"HIV 1/2, Uni-Gold HIV Kit, 20 Tests","HIV 1/2, Uni-Gold HIV Kit, 20 Tests",,20,73,See ASN-28279 (ID#:13547),32,1.6,2.4
"Lamivudine 10mg/ml, oral solution, Bottle, 240 ml","Lamivudine 10mg/ml, oral solution, Bottle, 240 ml",10mg/ml,240,40040,Weight Captured Separately,2.06,0.01,136.1
"HIV 1/2, Bioline 3.0 Diluent, 25 Tests, Bottle x 5 ml","HIV 1/2, Bioline 3.0 Diluent, 25 Tests, Bottle x 5 ml",,1,164,See ASN-11929 (ID#:61871),0.9,0.9,0.24
"Lamivudine/Zidovudine 150/300mg, tablets, 60 Tabs","Lamivudine/Zidovudine 150/300mg, tablets, 60 Tabs",150/300mg,60,11623,See ASN-18662 (ID#:38299),7,0.12,100.64
"HIV 1/2, Uni-Gold HIV Kit, 20 Tests","HIV 1/2, Uni-Gold HIV Kit, 20 Tests",,20,670,234,32,1.6,42.02
"HIV 1/2, Determine Complete HIV Kit, 100 Tests","HIV 1/2, Determine Complete HIV Kit, 100 Tests",,100,1800,885,80,0.8,237.6
"HIV 1/2, Determine HIV Kit, without Lancets, 100 Tests","HIV 1/2, Determine HIV Kit, without Lancets, 100 Tests",,100,7500,1703,77.7,0.78,961.54
"HIV 1/2, SKB Colloidal Gold, Diagnostic Kit, Antibody, 50 Tests","HIV 1/2, SKB Colloidal Gold, Diagnostic Kit, Antibody, 50 Tests",,1,7527,5020,24.5,24.5,189.58
"HIV 1/2, Uni-Gold HIV Kit, 20 Tests","HIV 1/2, Uni-Gold HIV Kit, 20 Tests",,20,15,5,32,1.6,0.59
"Didanosine EC 400mg [Videx EC], delayed-release capsules, Blister 3 x 10 Caps","Didanosine EC 400mg [Videx EC], delayed-release capsules, Blister 3 x 10 Caps",400mg,30,240,12,18.34,0.61,7.26
"HIV 1/2, Determine Complete HIV Kit, 100 Tests","HIV 1/2, Determine Complete HIV Kit, 100 Tests",,100,2520,1201,89,0.89,370.06
"Tenofovir Disoproxil Fumarate 300mg, tablets, 30 Tabs","Tenofovir Disoproxil Fumarate 300mg, tablets, 30 Tabs",300mg,30,8000,See ASN-30941 (ID#:32306),3.55,0.12,29.2
"Lamivudine/Nevirapine/Zidovudine 150/200/300mg, tablets, 60 Tabs","Lamivudine/Nevirapine/Zidovudine 150/200/300mg, tablets, 60 Tabs",150/300/200mg,60,32190,4093,8.13,0.14,323.73
"Lamivudine 150mg, tablets, 60 Tabs","Lamivudine 150mg, tablets, 60 Tabs",150mg,60,783,Weight Captured Separately,9.76,0.16,9.45
"HIV 1/2, Uni-Gold HIV Kit, 20 Tests","HIV 1/2, Uni-Gold HIV Kit, 20 Tests",,20,167,60,32,1.6,7.49
"HIV 1/2, Determine Complete HIV Kit, 100 Tests","HIV 1/2, Determine Complete HIV Kit, 100 Tests",,100,1750,842,80,0.8,301.84
"Lopinavir/Ritonavir 80/20mg/ml [Kaletra], oral solution, cool, Bottle 5 x 60 ml","Lopinavir/Ritonavir 80/20mg/ml [Kaletra], oral solution, cool, Bottle 5 x 60 ml",80/20mg/ml,300,2,Weight Captured Separately,23.45,0.08,0.06
"Lamivudine/Nevirapine/Zidovudine 150/200/300mg, tablets, 60 Tabs","Lamivudine/Nevirapine/Zidovudine 150/200/300mg, tablets, 60 Tabs",150/300/200mg,60,53239,7696,8.1,0.13,533.44
"Didanosine 400mg, delayed-release capsules, 30 Caps","Didanosine 400mg, delayed-release capsules, 30 Caps",400mg,30,240,19,20,0.67,5.94
"Efavirenz 600mg, tablets, 30 Tabs","Efavirenz 600mg, tablets, 30 Tabs",600mg,30,96224,7556,4.3,0.14,682.71
"Raltegravir 400mg [Isentress], tablets, 60 Tabs","Raltegravir 400mg [Isentress], tablets, 60 Tabs",400mg,60,35,Weight Captured Separately,65.75,1.1,2.37
"Didanosine 400mg, delayed-release capsules, 30 Caps","Didanosine 400mg, delayed-release capsules, 30 Caps",400mg,30,750,See ASN-9567 (ID#:15946),20,0.67,32.34
"Nevirapine 200mg, tablets, 60 Tabs","Nevirapine 200mg, tablets, 60 Tabs",200mg,60,300,Weight Captured Separately,22.25,0.37,14.39
"Lopinavir/Ritonavir 80/20mg/ml [Kaletra], oral solution, cool, Bottle 5 x 60 ml","Lopinavir/Ritonavir 80/20mg/ml [Kaletra], oral solution, cool, Bottle 5 x 60 ml",80/20mg/ml,300,1500,1374,30.82,0.1,64.81
"HIV 1/2, Uni-Gold HIV Kit, 20 Tests","HIV 1/2, Uni-Gold HIV Kit, 20 Tests",,20,6900,2262,32,1.6,273.13
"Lopinavir/Ritonavir 100/25mg [Aluvia], tablets, 60 Tabs","Lopinavir/Ritonavir 100/25mg [Aluvia], tablets, 60 Tabs",100/25mg,60,45,Weight Captured Separately,6.25,0.1,0.35
"HIV 1/2, Determine Complete HIV Kit, 100 Tests","HIV 1/2, Determine Complete HIV Kit, 100 Tests",,100,3067,1228,89,0.89,337.66
"HIV 1/2, Stat-Pak Dipstick Assay Kit, 30 Tests","HIV 1/2, Stat-Pak Dipstick Assay Kit, 30 Tests",,30,345,37,27.6,0.92,9.79
"Abacavir 20mg/ml, oral solution w/syringe, Bottle, 240 ml","Abacavir 20mg/ml, oral solution w/syringe, Bottle, 240 ml",20mg/ml,240,171,Weight Captured Separately,27.04,0.11,5.72
"HIV 1/2, Bioline 3.0 Kit, Lancets, Capillary pipets, Alcohol swabs included, 25 Tests","HIV 1/2, Bioline 3.0 Kit, Lancets, Capillary pipets, Alcohol swabs included, 25 Tests",,25,3700,1281,20.5,0.82,77.97
"Ritonavir 100mg [Norvir], film coated tablets, 30 Tabs","Ritonavir 100mg [Norvir], film coated tablets, 30 Tabs",100mg,30,326,34,23.26,0.78,10.63
"Abacavir 20mg/ml [Ziagen], oral solution, Bottle, 240 ml","Abacavir 20mg/ml [Ziagen], oral solution, Bottle, 240 ml",20mg/ml,240,10000,3853,9.28,0.04,153.12
"Tenofovir Disoproxil Fumarate 300mg, tablets, 30 Tabs","Tenofovir Disoproxil Fumarate 300mg, tablets, 30 Tabs",300mg,30,43,Weight Captured Separately,19.12,0.64,0.85
"Efavirenz 600mg, tablets, 30 Tabs","Efavirenz 600mg, tablets, 30 Tabs",600mg,30,70,6,4.51,0.15,0.52
"HIV 1/2, Determine Complete HIV Kit, 100 Tests","HIV 1/2, Determine Complete HIV Kit, 100 Tests",,100,3015,1249,0,0,0
"Didanosine 2g [Videx], powder for oral solution 10mg/ml, reconstitute to 200 ml","Didanosine 2g [Videx], powder for oral solution 10mg/ml, reconstitute to 200 ml",2g,200,192,Weight Captured Separately,12.59,0.06,5.21
"Lopinavir/Ritonavir 200/50mg [Aluvia], tablets, 120 Tabs","Lopinavir/Ritonavir 200/50mg [Aluvia], tablets, 120 Tabs",200/50mg,120,9007,2020,36.16,0.3,702.19
"Tenofovir Disoproxil Fumarate 300mg, tablets, 30 Tabs","Tenofovir Disoproxil Fumarate 300mg, tablets, 30 Tabs",300mg,30,2856,See ASN-6341 (ID#:29298),7.5,0.25,46.18
"#109435**HIV, OraQuick Controls Kit, 3 Vials","#109435**HIV, OraQuick Controls Kit, 3 Vials",,3,10,6,25,8.33,0.49
"Chase Buffer, Determine, 100 Tests, 2.5ml x 1 Vial","Chase Buffer, Determine, 100 Tests, 2.5ml x 1 Vial",,1,81,See ASN-17088 (ID#:18269),5,5,0.57
"Nevirapine 200mg, tablets, 60 Tabs","Nevirapine 200mg, tablets, 60 Tabs",200mg,60,28800,3396,2.6,0.04,161.44
"Lopinavir/Ritonavir 80/20mg/ml [Kaletra], oral solution, cool, Bottle 5 x 60 ml","Lopinavir/Ritonavir 80/20mg/ml [Kaletra], oral solution, cool, Bottle 5 x 60 ml",80/20mg/ml,300,60,Weight Captured Separately,40.56,0.14,5.25
"HIV 1/2, Stat-Pak HIV, Kit, 20 Tests","HIV 1/2, Stat-Pak HIV, Kit, 20 Tests",,20,44,15,29,1.45,1.79
"Lopinavir/Ritonavir 80/20mg/ml [Kaletra], oral solution, cool, Bottle 5 x 60 ml","Lopinavir/Ritonavir 80/20mg/ml [Kaletra], oral solution, cool, Bottle 5 x 60 ml",80/20mg/ml,300,4,Weight Captured Separately,22.07,0.07,0.09
"HIV 1/2, Uni-Gold HIV Kit, 20 Tests","HIV 1/2, Uni-Gold HIV Kit, 20 Tests",,20,750,265,32,1.6,47.04
"Abacavir 300mg, tablets, 60 Tabs","Abacavir 300mg, tablets, 60 Tabs",300mg,60,20000,2069,11.09,0.18,228.01
"HIV 1/2, Stat-Pak HIV, Kit, 20 Tests","HIV 1/2, Stat-Pak HIV, Kit, 20 Tests",,20,19,5,29,1.45,0.77
"Tenofovir Disoproxil Fumarate 300mg, tablets, 30 Tabs","Tenofovir Disoproxil Fumarate 300mg, tablets, 30 Tabs",300mg,30,2906,Weight Captured Separately,18.69,0.62,67.17
"Lopinavir/Ritonavir 200/50mg [Aluvia], tablets, 120 Tabs","Lopinavir/Ritonavir 200/50mg [Aluvia], tablets, 120 Tabs",200/50mg,120,28000,7025,30.82,0.26,1423.88
"Lamivudine/Tenofovir Disoproxil Fumarate 300/300mg, tablets, 30 Tabs","Lamivudine/Tenofovir Disoproxil Fumarate 300/300mg, tablets, 30 Tabs",300/300mg,30,100440,See ASN-15514 (ID#:57392),4.79,0.16,674.51
"Efavirenz/Lamivudine/Tenofovir Disoproxil Fumarate 600/300/300mg, tablets, 30 Tabs","Efavirenz/Lamivudine/Tenofovir Disoproxil Fumarate 600/300/300mg, tablets, 30 Tabs",600/300/300mg,30,5500,647,14.1,0.47,108.73
"Lamivudine 10mg/ml, oral solution, Bottle, 240 ml","Lamivudine 10mg/ml, oral solution, Bottle, 240 ml",10mg/ml,240,50000,18417,2.06,0.01,169.95
"Ritonavir 100mg [Norvir], capsules, cool, 4 x 84 Caps","Ritonavir 100mg [Norvir], capsules, cool, 4 x 84 Caps",100mg,336,160,325,38.36,0.11,12.03
"Efavirenz 600mg, tablets, 30 Tabs","Efavirenz 600mg, tablets, 30 Tabs",600mg,30,12984,See ASN-24398 (ID#:18664),3.24,0.11,52.04
"Nevirapine 200mg, tablets, 60 Tabs","Nevirapine 200mg, tablets, 60 Tabs",200mg,60,55710,3204,2.34,0.04,182.77
"Lamivudine/Zidovudine 150/300mg, tablets, 60 Tabs","Lamivudine/Zidovudine 150/300mg, tablets, 60 Tabs",150/300mg,60,206,Weight Captured Separately,32.75,0.55,8.34
"Zidovudine 300mg, tablets, 60 Tabs","Zidovudine 300mg, tablets, 60 Tabs",300mg,60,19,Weight Captured Separately,27.11,0.45,0.64
"HIV 1/2, Stat-Pak HIV, Kit, 20 Tests","HIV 1/2, Stat-Pak HIV, Kit, 20 Tests",,20,1448,482,29,1.45,69.29
"Tenofovir Disoproxil Fumarate 300mg, tablets, 30 Tabs","Tenofovir Disoproxil Fumarate 300mg, tablets, 30 Tabs",300mg,30,132,Weight Captured Separately,22.6,0.75,3.69
"HIV 1/2, Determine Complete HIV Kit, 100 Tests","HIV 1/2, Determine Complete HIV Kit, 100 Tests",,100,1432,Weight Captured Separately,115,1.15,271.72
"Lamivudine/Nevirapine/Stavudine 150/200/30mg, tablets, 60 Tabs","Lamivudine/Nevirapine/Stavudine 150/200/30mg, tablets, 60 Tabs",150/200/30mg,60,9377,692,5.39,0.09,83.39
"Lopinavir/Ritonavir 80/20mg/ml [Kaletra], oral solution, cool, Bottle 5 x 60 ml","Lopinavir/Ritonavir 80/20mg/ml [Kaletra], oral solution, cool, Bottle 5 x 60 ml",80/20mg/ml,300,100,164,60.82,0.2,8.53
"Lopinavir/Ritonavir 80/20mg/ml [Kaletra], oral solution, cool, Bottle 5 x 60 ml","Lopinavir/Ritonavir 80/20mg/ml [Kaletra], oral solution, cool, Bottle 5 x 60 ml",80/20mg/ml,300,316,415,30.82,0.1,10.01
"Nevirapine 10mg/ml, oral suspension w/syringe, Bottle, 240 ml","Nevirapine 10mg/ml, oral suspension w/syringe, Bottle, 240 ml",10mg/ml,240,19060,7353,3.15,0.01,129.44
"Lopinavir/Ritonavir 200/50mg [Aluvia], tablets, 120 Tabs","Lopinavir/Ritonavir 200/50mg [Aluvia], tablets, 120 Tabs",200/50mg,120,5000,Weight Captured Separately,60.8,0.51,357.81
"Abacavir 20mg/ml [Ziagen], oral solution, Bottle, 240 ml","Abacavir 20mg/ml [Ziagen], oral solution, Bottle, 240 ml",20mg/ml,240,2244,870,9.28,0.04,34.36
"Lamivudine/Tenofovir Disoproxil Fumarate 300/300mg, tablets, 30 Tabs","Lamivudine/Tenofovir Disoproxil Fumarate 300/300mg, tablets, 30 Tabs",300/300mg,30,45632,4486,4.62,0.15,216.72
"Nevirapine 200mg, tablets, 60 Tabs","Nevirapine 200mg, tablets, 60 Tabs",200mg,60,48446,Weight Captured Separately,2.79,0.05,291.41
"Raltegravir 400mg [Isentress], tablets, 60 Tabs","Raltegravir 400mg [Isentress], tablets, 60 Tabs",400mg,60,3,Weight Captured Separately,65.75,1.1,0.2
"Tenofovir Disoproxil Fumarate 300mg, tablets, 30 Tabs","Tenofovir Disoproxil Fumarate 300mg, tablets, 30 Tabs",300mg,30,12084,See ASN-7237 (ID#:50231),7,0.23,182.37
"Atazanavir/Ritonavir 300/100mg, tablets, 30 Tabs","Atazanavir/Ritonavir 300/100mg, tablets, 30 Tabs",300/100mg,30,1000,133,18,0.6,18.5
"Darunavir 300mg [Prezista], tablets, 120 Tabs","Darunavir 300mg [Prezista], tablets, 120 Tabs",300mg,120,102,15,90,0.75,17.99
"Ritonavir 80mg/ml [Norvir], oral solution, cool, Bottle, 90 ml","Ritonavir 80mg/ml [Norvir], oral solution, cool, Bottle, 90 ml",80mg/ml,90,5,Weight Captured Separately,9.23,0.1,0.1
"HIV 1/2, Determine Complete HIV Kit, 100 Tests","HIV 1/2, Determine Complete HIV Kit, 100 Tests",,100,3236,1543,80,0.8,427.15
"HIV 1/2, Uni-Gold HIV Kit, 20 Tests","HIV 1/2, Uni-Gold HIV Kit, 20 Tests",,20,750,242,32,1.6,24.67
"Abacavir 20mg/ml [Ziagen], oral solution, Bottle, 240 ml","Abacavir 20mg/ml [Ziagen], oral solution, Bottle, 240 ml",20mg/ml,240,8,Weight Captured Separately,24.05,0.1,0.24
"Efavirenz/Lamivudine/Tenofovir Disoproxil Fumarate 600/300/300mg, tablets, 30 Tabs","Efavirenz/Lamivudine/Tenofovir Disoproxil Fumarate 600/300/300mg, tablets, 30 Tabs",600/300/300mg,30,17760,Weight Captured Separately,9.5,0.32,198.58
"Darunavir 300mg [Prezista], tablets, 120 Tabs","Darunavir 300mg [Prezista], tablets, 120 Tabs",300mg,120,100,14,66.6,0.55,9.34
"Efavirenz 50mg, capsule, 30 Caps","Efavirenz 50mg, capsule, 30 Caps",50mg,30,2065,See ASN-14875 (ID#:35053),2.24,0.07,6.49
"Efavirenz/Lamivudine/Tenofovir Disoproxil Fumarate 600/300/300mg, tablets, 30 Tabs","Efavirenz/Lamivudine/Tenofovir Disoproxil Fumarate 600/300/300mg, tablets, 30 Tabs",600/300/300mg,30,32673,3425,11.49,0.38,464.39
"HIV 1/2, Uni-Gold HIV Kit, 20 Tests","HIV 1/2, Uni-Gold HIV Kit, 20 Tests",,20,424,145,32,1.6,29.25
"Zidovudine 10mg/ml [Retrovir], oral solution, Bottle, 200 ml","Zidovudine 10mg/ml [Retrovir], oral solution, Bottle, 200 ml",10mg/ml,200,400,Weight Captured Separately,7.16,0.04,6.17
"Zidovudine 10mg/ml, oral solution, Bottle, 240 ml","Zidovudine 10mg/ml, oral solution, Bottle, 240 ml",10mg/ml,240,145,Weight Captured Separately,8.09,0.03,1.45
"HIV 1/2, Uni-Gold HIV Kit, 20 Tests","HIV 1/2, Uni-Gold HIV Kit, 20 Tests",,20,240,82,32,1.6,10.77
"Lamivudine/Zidovudine 150/300mg, tablets, 60 Tabs","Lamivudine/Zidovudine 150/300mg, tablets, 60 Tabs",150/300mg,60,20,Weight Captured Separately,21.44,0.36,0.44
"HIV 1/2, Determine Complete HIV Kit, 100 Tests","HIV 1/2, Determine Complete HIV Kit, 100 Tests",,100,840,405,80,0.8,94.21
"Lamivudine/Nevirapine/Zidovudine 150/200/300mg, tablets, 60 Tabs","Lamivudine/Nevirapine/Zidovudine 150/200/300mg, tablets, 60 Tabs",150/300/200mg,60,37012,4699,8.13,0.14,372.22
"HIV 1/2, Uni-Gold HIV Kit, 20 Tests","HIV 1/2, Uni-Gold HIV Kit, 20 Tests",,20,2334,807,32,1.6,161.03
"Nevirapine 200mg, tablets, 60 Tabs","Nevirapine 200mg, tablets, 60 Tabs",200mg,60,116000,7193,2.82,0.05,705.27
"Nevirapine 50mg, dispersible tablets (tablets for oral suspension), 30 Tabs","Nevirapine 50mg, dispersible tablets (tablets for oral suspension), 30 Tabs",50mg,30,961,53,1.25,0.04,1.49
"HIV 1/2, Determine Complete HIV Kit, 100 Tests","HIV 1/2, Determine Complete HIV Kit, 100 Tests",,100,1993,967,72,0.72,309.38
"Saquinavir 500mg [Invirase], tablets, 120 Tabs","Saquinavir 500mg [Invirase], tablets, 120 Tabs",500mg,120,161,30,100.16,0.83,34.77
"Didanosine 400mg, delayed-release capsules, 30 Caps","Didanosine 400mg, delayed-release capsules, 30 Caps",400mg,30,384,30,20,0.67,9.5
"Atazanavir/Ritonavir 300/100mg, tablets, 30 Tabs","Atazanavir/Ritonavir 300/100mg, tablets, 30 Tabs",300/100mg,30,3200,430,20,0.67,65.79
"Lopinavir/Ritonavir 200/50mg [Aluvia], tablets, 120 Tabs","Lopinavir/Ritonavir 200/50mg [Aluvia], tablets, 120 Tabs",200/50mg,120,8225,2018,82.2,0.68,1457.66
"Stavudine 30mg, capsules, 60 Caps","Stavudine 30mg, capsules, 60 Caps",30mg,60,329,Weight Captured Separately,3.53,0.06,1.37
"Efavirenz 200mg, capsule, 90 Caps","Efavirenz 200mg, capsule, 90 Caps",200mg,90,400,See ASN-14875 (ID#:35053),7.82,0.09,4.39
"Nevirapine 200mg [Viramune], tablets, 60 Tabs","Nevirapine 200mg [Viramune], tablets, 60 Tabs",200mg,60,100,Weight Captured Separately,21.56,0.36,4.23
"Chase Buffer, Determine, 100 Tests, 2.5ml x 1 Vial","Chase Buffer, Determine, 100 Tests, 2.5ml x 1 Vial",,1,238,See ASN-16852 (ID#:25990),5,5,1.67
"HIV 1/2, Determine Complete HIV Kit, 100 Tests","HIV 1/2, Determine Complete HIV Kit, 100 Tests",,100,3056,1248,89,0.89,336.44
"Stavudine 30mg, capsules, 60 Caps","Stavudine 30mg, capsules, 60 Caps",30mg,60,14428,See ASN-9407 (ID#:17697),1.45,0.02,45.1
"HIV 1/2, Genie III Kit, 50 Tests","HIV 1/2, Genie III Kit, 50 Tests",,50,30,17,99.4,1.99,3.07
"Nevirapine 10mg/ml, oral suspension w/syringe, Bottle, 240 ml","Nevirapine 10mg/ml, oral suspension w/syringe, Bottle, 240 ml",10mg/ml,240,19050,7349,3.15,0.01,129.38
"HIV 1/2, Determine Complete HIV Kit, 100 Tests","HIV 1/2, Determine Complete HIV Kit, 100 Tests",,100,3035,1233,89,0.89,334.13
"Efavirenz 600mg, tablets, 30 Tabs","Efavirenz 600mg, tablets, 30 Tabs",600mg,30,62369,5009,4.3,0.14,578.21
"Lamivudine/Nevirapine/Stavudine 150/200/30mg, tablets, 60 Tabs","Lamivudine/Nevirapine/Stavudine 150/200/30mg, tablets, 60 Tabs",150/200/30mg,60,5200,See ASN-9408 (ID#:39263),4.8,0.08,53.81
"Zidovudine 300mg, tablets, 60 Tabs","Zidovudine 300mg, tablets, 60 Tabs",300mg,60,44168,2373,7.43,0.12,707.53
"Ritonavir 100mg [Norvir], film coated tablets, 30 Tabs","Ritonavir 100mg [Norvir], film coated tablets, 30 Tabs",100mg,30,450,56,23.26,0.78,10.76
"HIV 1/2, Determine Complete HIV Kit, 100 Tests","HIV 1/2, Determine Complete HIV Kit, 100 Tests",,100,3000,1428,80,0.8,336.48
"Etravirine 100mg [Intelence], tablets, 120 Tabs","Etravirine 100mg [Intelence], tablets, 120 Tabs",100mg,120,178,90,36,0.3,7.93
"HIV 1/2, Determine Complete HIV Kit, 100 Tests","HIV 1/2, Determine Complete HIV Kit, 100 Tests",,100,50,32,72,0.72,7.76
"Lamivudine 150mg, tablets, 60 Tabs","Lamivudine 150mg, tablets, 60 Tabs",150mg,60,43262,2035,2.35,0.04,219.19
"Abacavir 300mg, tablets, 60 Tabs","Abacavir 300mg, tablets, 60 Tabs",300mg,60,615,See ASN-17177 (ID#:18240),12.9,0.22,11.12
"HIV 1/2, Determine Complete HIV Kit, 100 Tests","HIV 1/2, Determine Complete HIV Kit, 100 Tests",,100,237,108,90,0.9,45.99
"HIV 1/2, Uni-Gold HIV Kit, 20 Tests","HIV 1/2, Uni-Gold HIV Kit, 20 Tests",,20,794,277,32,1.6,49.8
"Zidovudine 300mg, tablets, 60 Tabs","Zidovudine 300mg, tablets, 60 Tabs",300mg,60,18180,1007,5.43,0.09,122.11
"Abacavir 300mg, tablets, 60 Tabs","Abacavir 300mg, tablets, 60 Tabs",300mg,60,64,See ASN-11023 (ID#:37963),15,0.25,1.58
"Didanosine 250mg, delayed-release capsules, 30 Caps","Didanosine 250mg, delayed-release capsules, 30 Caps",250mg,30,100,9,7.58,0.25,0.78
"Tenofovir Disoproxil Fumarate 300mg, tablets, 30 Tabs","Tenofovir Disoproxil Fumarate 300mg, tablets, 30 Tabs",300mg,30,116857,10907,6.65,0.22,1675.43
"HIV 1/2, Stat-Pak HIV, Kit, 20 Tests","HIV 1/2, Stat-Pak HIV, Kit, 20 Tests",,20,20,11,27,1.35,1.16
"Lamivudine/Tenofovir Disoproxil Fumarate 300/300mg, tablets, 30 Tabs","Lamivudine/Tenofovir Disoproxil Fumarate 300/300mg, tablets, 30 Tabs",300/300mg,30,47136,5151,4.62,0.15,223.87
"Zidovudine 300mg, tablets, 60 Tabs","Zidovudine 300mg, tablets, 60 Tabs",300mg,60,336,See ASN-6355 (ID#:16828),7.5,0.12,5.43
"Emtricitabine/Tenofovir Disoproxil Fumarate 200/300mg, tablets, 30 Tabs","Emtricitabine/Tenofovir Disoproxil Fumarate 200/300mg, tablets, 30 Tabs",200/300mg,30,2175,252,5.59,0.19,12.5
"HIV 1/2, Determine Complete HIV Kit, 100 Tests","HIV 1/2, Determine Complete HIV Kit, 100 Tests",,100,9312,3787,89,0.89,1025.19
"HIV 1/2, Determine Complete HIV Kit, 100 Tests","HIV 1/2, Determine Complete HIV Kit, 100 Tests",,100,1891,766,80,0.8,155.52
"Ritonavir 100mg [Norvir], capsules, cool, 84 Caps","Ritonavir 100mg [Norvir], capsules, cool, 84 Caps",100mg,84,329,Weight Captured Separately,10.17,0.12,6.56
"Didanosine 25mg [Videx], chewable tablets, 60 Tabs","Didanosine 25mg [Videx], chewable tablets, 60 Tabs",25mg,60,520,104,7,0.12,7.85
"Efavirenz 600mg, tablets, 30 Tabs","Efavirenz 600mg, tablets, 30 Tabs",600mg,30,28080,1772,3.19,0.11,110.8
"HIV 1/2, Determine Complete HIV Kit, 100 Tests","HIV 1/2, Determine Complete HIV Kit, 100 Tests",,100,81,See ASN-32231 (ID#:13648),80,0.8,7.63
"Lamivudine 150mg, tablets, 60 Tabs","Lamivudine 150mg, tablets, 60 Tabs",150mg,60,148,Weight Captured Separately,9.85,0.16,1.8
"Lopinavir/Ritonavir 200/50mg [Aluvia], tablets, 120 Tabs","Lopinavir/Ritonavir 200/50mg [Aluvia], tablets, 120 Tabs",200/50mg,120,10280,2573,36.16,0.3,613.35
"HIV 1/2, Uni-Gold HIV Kit, 20 Tests","HIV 1/2, Uni-Gold HIV Kit, 20 Tests",,20,500,170,32,1.6,34.5
"Lamivudine/Nevirapine/Zidovudine 150/200/300mg, tablets, 60 Tabs","Lamivudine/Nevirapine/Zidovudine 150/200/300mg, tablets, 60 Tabs",150/300/200mg,60,165374,See ASN-21627 (ID#:48945),8.1,0.13,1657
"HIV 1/2, Determine Complete HIV Kit, 100 Tests","HIV 1/2, Determine Complete HIV Kit, 100 Tests",,100,66,30,80,0.8,7.4
"Ritonavir 100mg [Norvir], capsules, cool, 4 x 84 Caps","Ritonavir 100mg [Norvir], capsules, cool, 4 x 84 Caps",100mg,336,44,116,38.36,0.11,3.31
"Lamivudine/Tenofovir Disoproxil Fumarate 300/300mg, tablets, 30 Tabs","Lamivudine/Tenofovir Disoproxil Fumarate 300/300mg, tablets, 30 Tabs",300/300mg,30,42240,4589,4.62,0.15,200.61
"Lopinavir/Ritonavir 80/20mg/ml [Kaletra], oral solution, cool, Bottle 5 x 60 ml","Lopinavir/Ritonavir 80/20mg/ml [Kaletra], oral solution, cool, Bottle 5 x 60 ml",80/20mg/ml,300,17,50,60.82,0.2,1.06
"Nevirapine 10mg/ml, oral suspension w/syringe, Bottle, 240 ml","Nevirapine 10mg/ml, oral suspension w/syringe, Bottle, 240 ml",10mg/ml,240,35000,12974,2.12,0.01,159.98
"Abacavir 20mg/ml, oral solution, Bottle, 240 ml","Abacavir 20mg/ml, oral solution, Bottle, 240 ml",20mg/ml,240,23,Weight Captured Separately,17.71,0.07,0.42
"HIV 1/2, Uni-Gold HIV Kit, 20 Tests","HIV 1/2, Uni-Gold HIV Kit, 20 Tests",,20,18,See ASN-31765 (ID#:41640),32,1.6,0.68
"Efavirenz 600mg, tablets, 30 Tabs","Efavirenz 600mg, tablets, 30 Tabs",600mg,30,19195,1632,3.24,0.11,76.93
"HIV 1/2, SKB Colloidal Gold, Diagnostic Kit, Antibody, 50 Tests","HIV 1/2, SKB Colloidal Gold, Diagnostic Kit, Antibody, 50 Tests",,1,2988,1992,24.5,24.5,90.56
"Lopinavir/Ritonavir 80/20mg/ml [Kaletra], oral solution, cool, Bottle 5 x 60 ml","Lopinavir/Ritonavir 80/20mg/ml [Kaletra], oral solution, cool, Bottle 5 x 60 ml",80/20mg/ml,300,4,Weight Captured Separately,17.14,0.06,0.07
"HIV 1/2, Bioline 3.0 Kit, Lancets, Capillary pipets, Alcohol swabs included, 25 Tests","HIV 1/2, Bioline 3.0 Kit, Lancets, Capillary pipets, Alcohol swabs included, 25 Tests",,25,10000,3334,20,0.8,330
"HIV 1/2, Determine Kit without Lancets, Buffer or Caplillary Tubes, 100 Tests","HIV 1/2, Determine Kit without Lancets, Buffer or Caplillary Tubes, 100 Tests",,100,215,See ASN-16634 (ID#:46858),72.15,0.72,21.75
"Lopinavir/Ritonavir 100/25mg [Aluvia], tablets, 60 Tabs","Lopinavir/Ritonavir 100/25mg [Aluvia], tablets, 60 Tabs",100/25mg,60,642,83,5.94,0.1,4.49
"Didanosine 200mg, chewable/dispersible tablets, 60 Tabs","Didanosine 200mg, chewable/dispersible tablets, 60 Tabs",200mg,60,712,147,15,0.25,23.03
"HIV 1/2, Uni-Gold HIV Kit, 20 Tests","HIV 1/2, Uni-Gold HIV Kit, 20 Tests",,20,5,2,32,1.6,0.31
"Stavudine 30mg, capsules, 60 Caps","Stavudine 30mg, capsules, 60 Caps",30mg,60,28496,See ASN-7581 (ID#:42811),1.4,0.02,86.01
"Tenofovir Disoproxil Fumarate 300mg, tablets, 30 Tabs","Tenofovir Disoproxil Fumarate 300mg, tablets, 30 Tabs",300mg,30,91,Weight Captured Separately,18.07,0.6,1.69
"HIV 1/2, Uni-Gold HIV Kit, 20 Tests","HIV 1/2, Uni-Gold HIV Kit, 20 Tests",,20,6,See ASN-24721 (ID#:13708),32,1.6,0.2
"Zidovudine 300mg, tablets, 60 Tabs","Zidovudine 300mg, tablets, 60 Tabs",300mg,60,23800,1273,7.43,0.12,381.25
"Lopinavir/Ritonavir 200/50mg, tablets, 120 Tabs","Lopinavir/Ritonavir 200/50mg, tablets, 120 Tabs",200/50mg,120,14498,3685,33.6,0.28,803.77
"Lamivudine/Nevirapine/Zidovudine 150/200/300mg, tablets, 60 Tabs","Lamivudine/Nevirapine/Zidovudine 150/200/300mg, tablets, 60 Tabs",150/300/200mg,60,32002,4059,8.15,0.14,322.63
"Zidovudine 300mg, tablets, 60 Tabs","Zidovudine 300mg, tablets, 60 Tabs",300mg,60,14,Weight Captured Separately,19.33,0.32,0.28
"Saquinavir 500mg [Invirase], tablets, 120 Tabs","Saquinavir 500mg [Invirase], tablets, 120 Tabs",500mg,120,2106,Weight Captured Separately,98.41,0.82,446.83
"Raltegravir 400mg [Isentress], tablets, 60 Tabs","Raltegravir 400mg [Isentress], tablets, 60 Tabs",400mg,60,52,Weight Captured Separately,55.5,0.92,3.4
"Lamivudine/Zidovudine 150/300mg, tablets, 60 Tabs","Lamivudine/Zidovudine 150/300mg, tablets, 60 Tabs",150/300mg,60,37589,3267,7.15,0.12,376.8
"HIV 1/2, Determine Complete HIV Kit, 100 Tests","HIV 1/2, Determine Complete HIV Kit, 100 Tests",,100,263,See ASN-32231 (ID#:13648),80,0.8,24.76
"Lopinavir/Ritonavir 200/50mg [Aluvia], tablets, 120 Tabs","Lopinavir/Ritonavir 200/50mg [Aluvia], tablets, 120 Tabs",200/50mg,120,22000,4959,37.1,0.31,1759.73
"HIV 1/2, Determine Complete HIV Kit, 100 Tests","HIV 1/2, Determine Complete HIV Kit, 100 Tests",,100,90,See ASN-31337 (ID#:26619),89,0.89,9.43
"Etravirine 100mg [Intelence], tablets, 120 Tabs","Etravirine 100mg [Intelence], tablets, 120 Tabs",100mg,120,33,Weight Captured Separately,35.42,0.3,1.2
"Emtricitabine/Tenofovir Disoproxil Fumarate 200/300mg, tablets, 30 Tabs","Emtricitabine/Tenofovir Disoproxil Fumarate 200/300mg, tablets, 30 Tabs",200/300mg,30,11,Weight Captured Separately,30.21,1.01,0.34
"Zidovudine 100mg, capsules, 100 Caps","Zidovudine 100mg, capsules, 100 Caps",100mg,100,114,5,4.5,0.04,0.63
"Efavirenz 200mg, capsule, 90 Caps","Efavirenz 200mg, capsule, 90 Caps",200mg,90,12,Weight Captured Separately,17.04,0.19,0.21
"Ritonavir 100mg [Norvir], film coated tablets, 60 Tabs","Ritonavir 100mg [Norvir], film coated tablets, 60 Tabs",100mg,60,3000,385,6.85,0.11,21.13
"Stavudine 30mg, capsules, 60 Caps","Stavudine 30mg, capsules, 60 Caps",30mg,60,21504,See ASN-7661 (ID#:21752),1.4,0.02,64.91
"Chase Buffer, Determine, 100 Tests, 2.5ml x 1 Vial","Chase Buffer, Determine, 100 Tests, 2.5ml x 1 Vial",,1,50,See ASN-31331 (ID#:51668),5,5,0.29
"Didanosine 250mg, delayed-release capsules, 30 Caps","Didanosine 250mg, delayed-release capsules, 30 Caps",250mg,30,1984,46,7.58,0.25,15.46
"Atazanavir 150mg, capsules, 60 Caps","Atazanavir 150mg, capsules, 60 Caps",150mg,60,1028,107,22,0.37,37.32
"Lamivudine/Zidovudine 150/300mg, tablets, 60 Tabs","Lamivudine/Zidovudine 150/300mg, tablets, 60 Tabs",150/300mg,60,287,Weight Captured Separately,14.15,0.24,5.02
"HIV 1/2, Determine Complete HIV Kit, 100 Tests","HIV 1/2, Determine Complete HIV Kit, 100 Tests",,100,112,See ASN-22277 (ID#:61493),0,0,0
"Stavudine 30mg, capsules, 60 Caps","Stavudine 30mg, capsules, 60 Caps",30mg,60,672,32,1.4,0.02,2.03
"Efavirenz 600mg, tablets, 30 Tabs","Efavirenz 600mg, tablets, 30 Tabs",600mg,30,3007,262,3.57,0.12,15.05
"Lamivudine/Zidovudine 150/300mg, tablets, 60 Tabs","Lamivudine/Zidovudine 150/300mg, tablets, 60 Tabs",150/300mg,60,20000,1748,6.49,0.11,152.77
"HIV 1/2, Determine Complete HIV Kit, 100 Tests","HIV 1/2, Determine Complete HIV Kit, 100 Tests",,100,2744,1303,80,0.8,307.77
"Ritonavir 100mg [Norvir], film coated tablets, 60 Tabs","Ritonavir 100mg [Norvir], film coated tablets, 60 Tabs",100mg,60,3450,440,6.85,0.11,46.32
"Lamivudine 150mg, tablets, 60 Tabs","Lamivudine 150mg, tablets, 60 Tabs",150mg,60,19172,Weight Captured Separately,2.42,0.04,100.03
"Nevirapine 200mg, tablets, 60 Tabs","Nevirapine 200mg, tablets, 60 Tabs",200mg,60,18,Weight Captured Separately,13.74,0.23,0.25
"HIV 1/2, Determine Complete HIV Kit, 100 Tests","HIV 1/2, Determine Complete HIV Kit, 100 Tests",,100,2744,1186,89,0.89,342.39
"HIV 1/2, Determine Complete HIV Kit, 100 Tests","HIV 1/2, Determine Complete HIV Kit, 100 Tests",,100,2100,1016,72,0.72,325.99
"Lamivudine/Nevirapine/Zidovudine 150/200/300mg, tablets, 60 Tabs","Lamivudine/Nevirapine/Zidovudine 150/200/300mg, tablets, 60 Tabs",150/300/200mg,60,4555,See ASN-19859 (ID#:59267),8.21,0.14,46.26
"Zidovudine 300mg, tablets, 60 Tabs","Zidovudine 300mg, tablets, 60 Tabs",300mg,60,840,57,7.5,0.12,12.35
"Darunavir 300mg [Prezista], tablets, 120 Tabs","Darunavir 300mg [Prezista], tablets, 120 Tabs",300mg,120,36,Weight Captured Separately,69.71,0.58,2.58
"Efavirenz 600mg, tablets, 30 Tabs","Efavirenz 600mg, tablets, 30 Tabs",600mg,30,106,Weight Captured Separately,15.6,0.52,1.7
"Lamivudine 150mg, tablets, 60 Tabs","Lamivudine 150mg, tablets, 60 Tabs",150mg,60,415,Weight Captured Separately,9.76,0.16,5.01
"HIV 1/2, Determine Complete HIV Kit, 100 Tests","HIV 1/2, Determine Complete HIV Kit, 100 Tests",,100,1044,499,80,0.8,117.1
"HIV 1/2, Uni-Gold HIV Kit, 20 Tests","HIV 1/2, Uni-Gold HIV Kit, 20 Tests",,20,25,See ASN-21751 (ID#:13968),32,1.6,0.99
"HIV 1/2, Bioline 3.0 Kit, Lancets, Capillary pipets, Alcohol swabs included, 25 Tests","HIV 1/2, Bioline 3.0 Kit, Lancets, Capillary pipets, Alcohol swabs included, 25 Tests",,25,10000,3335,20,0.8,330
"Efavirenz 50mg, capsule, 30 Caps","Efavirenz 50mg, capsule, 30 Caps",50mg,30,3550,255,1.56,0.05,6.85
"Lamivudine 10mg/ml [Epivir], oral solution, Bottle, 240 ml","Lamivudine 10mg/ml [Epivir], oral solution, Bottle, 240 ml",10mg/ml,240,800,Weight Captured Separately,6.18,0.03,10.66
"Lopinavir/Ritonavir 80/20mg/ml [Kaletra], oral solution, cool, Bottle 5 x 60 ml","Lopinavir/Ritonavir 80/20mg/ml [Kaletra], oral solution, cool, Bottle 5 x 60 ml",80/20mg/ml,300,745,844,30.82,0.1,23.6
"Lopinavir/Ritonavir 200/50mg [Aluvia], tablets, 120 Tabs","Lopinavir/Ritonavir 200/50mg [Aluvia], tablets, 120 Tabs",200/50mg,120,1820,445,82.2,0.68,322.55
"Efavirenz 600mg, tablets, 30 Tabs","Efavirenz 600mg, tablets, 30 Tabs",600mg,30,2157,Weight Captured Separately,15.45,0.52,34.25
"Lamivudine/Tenofovir Disoproxil Fumarate 300/300mg, tablets, 30 Tabs","Lamivudine/Tenofovir Disoproxil Fumarate 300/300mg, tablets, 30 Tabs",300/300mg,30,48640,4746,5.35,0.18,364.83
"Lopinavir/Ritonavir 80/20mg/ml [Kaletra], oral solution, cool, Bottle 5 x 60 ml","Lopinavir/Ritonavir 80/20mg/ml [Kaletra], oral solution, cool, Bottle 5 x 60 ml",80/20mg/ml,300,699,728,30.82,0.1,30.2
"Didanosine 250mg, delayed-release capsules, 30 Caps","Didanosine 250mg, delayed-release capsules, 30 Caps",250mg,30,5,Weight Captured Separately,11.02,0.37,0.06
"Tenofovir Disoproxil Fumarate 300mg, tablets, 30 Tabs","Tenofovir Disoproxil Fumarate 300mg, tablets, 30 Tabs",300mg,30,105278,7225,7.03,0.23,1595.66
"Lamivudine/Nevirapine/Zidovudine 30/50/60mg, dispersible tablets, 60 Tabs","Lamivudine/Nevirapine/Zidovudine 30/50/60mg, dispersible tablets, 60 Tabs",30/50/60mg,60,10508,678,4.15,0.07,61.14
"Lamivudine/Tenofovir Disoproxil Fumarate 300/300mg, tablets, 30 Tabs","Lamivudine/Tenofovir Disoproxil Fumarate 300/300mg, tablets, 30 Tabs",300/300mg,30,131704,10116,5.19,0.17,958.33
"Efavirenz 50mg, capsule, 30 Caps","Efavirenz 50mg, capsule, 30 Caps",50mg,30,9,Weight Captured Separately,2.17,0.07,0.02
"Nevirapine 50mg, dispersible tablets (tablets for oral suspension), 30 Tabs","Nevirapine 50mg, dispersible tablets (tablets for oral suspension), 30 Tabs",50mg,30,9051,575,1.25,0.04,14
"Indinavir 400mg [Crixivan], capsules, 180 Caps","Indinavir 400mg [Crixivan], capsules, 180 Caps",400mg,180,153,34,50,0.28,14.99
"HIV 1/2, Uni-Gold HIV Kit, 20 Tests","HIV 1/2, Uni-Gold HIV Kit, 20 Tests",,20,108,41,32,1.6,5.7
"Tenofovir Disoproxil Fumarate 300mg, tablets, 30 Tabs","Tenofovir Disoproxil Fumarate 300mg, tablets, 30 Tabs",300mg,30,29031,Weight Captured Separately,6.65,0.22,318.54
"Ritonavir 100mg [Norvir], capsules, cool, 4 x 84 Caps","Ritonavir 100mg [Norvir], capsules, cool, 4 x 84 Caps",100mg,336,120,298,38.36,0.11,9.92
"HIV 1/2, Determine Complete HIV Kit, 100 Tests","HIV 1/2, Determine Complete HIV Kit, 100 Tests",,100,601,264,80,0.8,59.47
"Lopinavir/Ritonavir 80/20mg/ml [Kaletra], oral solution, cool, Bottle 5 x 60 ml","Lopinavir/Ritonavir 80/20mg/ml [Kaletra], oral solution, cool, Bottle 5 x 60 ml",80/20mg/ml,300,40,Weight Captured Separately,30.82,0.1,1.73
"Efavirenz 600mg, tablets, 30 Tabs","Efavirenz 600mg, tablets, 30 Tabs",600mg,30,19152,1503,6.5,0.22,244
"Tenofovir Disoproxil Fumarate 300mg, tablets, 30 Tabs","Tenofovir Disoproxil Fumarate 300mg, tablets, 30 Tabs",300mg,30,336,See ASN-30463 (ID#:15460),3.55,0.12,1.23
"HIV 1/2, Bioline 3.0 Kit, (no accessories), 30 Tests","HIV 1/2, Bioline 3.0 Kit, (no accessories), 30 Tests",,30,20000,6223,24,0.8,940.8
"HIV 1/2, Bioline 3.0 Kit, Lancets, Capillary pipets, Alcohol swabs included, 25 Tests","HIV 1/2, Bioline 3.0 Kit, Lancets, Capillary pipets, Alcohol swabs included, 25 Tests",,25,1354,422,20,0.8,44.68
"Tenofovir Disoproxil Fumarate 300mg, tablets, 30 Tabs","Tenofovir Disoproxil Fumarate 300mg, tablets, 30 Tabs",300mg,30,42660,3442,3.55,0.12,187.33
"Atazanavir/Ritonavir 300/100mg, tablets, 30 Tabs","Atazanavir/Ritonavir 300/100mg, tablets, 30 Tabs",300/100mg,30,10565,1412,20,0.67,217.22
"HIV 1/2, Determine Complete HIV Kit, 100 Tests","HIV 1/2, Determine Complete HIV Kit, 100 Tests",,100,1505,746,80,0.8,168.8
"Chase Buffer, Determine, 100 Tests, 2.5ml x 1 Vial","Chase Buffer, Determine, 100 Tests, 2.5ml x 1 Vial",,1,160,See ASN-22749 (ID#:45723),5,5,0.99
"Lopinavir/Ritonavir 200/50mg [Aluvia], tablets, 120 Tabs","Lopinavir/Ritonavir 200/50mg [Aluvia], tablets, 120 Tabs",200/50mg,120,4800,1175,60.82,0.51,300.11
"Stavudine 30mg, capsules, 60 Caps","Stavudine 30mg, capsules, 60 Caps",30mg,60,3000,Weight Captured Separately,4.62,0.08,27.17
"Raltegravir 400mg [Isentress], tablets, 60 Tabs","Raltegravir 400mg [Isentress], tablets, 60 Tabs",400mg,60,40,Weight Captured Separately,79.99,1.33,3.29
"Ritonavir 80mg/ml [Norvir], oral solution, cool, Bottle, 90 ml","Ritonavir 80mg/ml [Norvir], oral solution, cool, Bottle, 90 ml",80mg/ml,90,3,Weight Captured Separately,4.97,0.06,0.02
"HIV 1/2, Uni-Gold HIV Kit, 20 Tests","HIV 1/2, Uni-Gold HIV Kit, 20 Tests",,20,3700,1265,32,1.6,232.06
"Lamivudine/Nevirapine/Zidovudine 150/200/300mg, tablets, 60 Tabs","Lamivudine/Nevirapine/Zidovudine 150/200/300mg, tablets, 60 Tabs",150/300/200mg,60,34910,4426,8.13,0.14,351.08
"Darunavir 600mg [Prezista], tablets, 60 Tabs","Darunavir 600mg [Prezista], tablets, 60 Tabs",600mg,60,1,Weight Captured Separately,50.66,0.84,0.05
"Efavirenz/Lamivudine/Tenofovir Disoproxil Fumarate 600/300/300mg, tablets, 30 Tabs","Efavirenz/Lamivudine/Tenofovir Disoproxil Fumarate 600/300/300mg, tablets, 30 Tabs",600/300/300mg,30,17188,2388,10.5,0.35,185.53
"HIV 1/2, Bioline 3.0 Kit, Lancets, Capillary pipets, Alcohol swabs included, 25 Tests","HIV 1/2, Bioline 3.0 Kit, Lancets, Capillary pipets, Alcohol swabs included, 25 Tests",,25,10000,3334,20,0.8,330
"HIV 1/2, Uni-Gold HIV Kit, 20 Tests","HIV 1/2, Uni-Gold HIV Kit, 20 Tests",,20,7,See ASN-24721 (ID#:13708),32,1.6,0.23
"Lamivudine/Zidovudine 150/300mg, tablets, 60 Tabs","Lamivudine/Zidovudine 150/300mg, tablets, 60 Tabs",150/300mg,60,11004,1073,8.55,0.14,202.85
"Lamivudine 150mg, tablets, 60 Tabs","Lamivudine 150mg, tablets, 60 Tabs",150mg,60,20520,See ASN-6264 (ID#:52856),2.4,0.04,96.53
"Efavirenz/Lamivudine/Tenofovir Disoproxil Fumarate 600/300/300mg, tablets, 30 Tabs","Efavirenz/Lamivudine/Tenofovir Disoproxil Fumarate 600/300/300mg, tablets, 30 Tabs",600/300/300mg,30,22347,Weight Captured Separately,17.48,0.58,842.19
"Darunavir 300mg [Prezista], tablets, 120 Tabs","Darunavir 300mg [Prezista], tablets, 120 Tabs",300mg,120,112,16,90,0.75,19.76
"Atazanavir/Ritonavir 300/100mg, tablets, 30 Tabs","Atazanavir/Ritonavir 300/100mg, tablets, 30 Tabs",300/100mg,30,1262,173,22.5,0.75,39.81
"Tenofovir Disoproxil Fumarate 300mg [Viread], tablets, 30 Tabs","Tenofovir Disoproxil Fumarate 300mg [Viread], tablets, 30 Tabs",300mg,30,240,Weight Captured Separately,28.94,0.96,14.97
"HIV 1/2, Stat-Pak HIV, Kit, 20 Tests","HIV 1/2, Stat-Pak HIV, Kit, 20 Tests",,20,545,204,31,1.55,27.88
"Efavirenz 600mg, tablets, 30 Tabs","Efavirenz 600mg, tablets, 30 Tabs",600mg,30,15328,Weight Captured Separately,19.05,0.64,572.28
"Ritonavir 100mg [Norvir], film coated tablets, 60 Tabs","Ritonavir 100mg [Norvir], film coated tablets, 60 Tabs",100mg,60,587,85,6.85,0.11,4.97
"HIV 1/2, Stat-Pak HIV, Kit, 20 Tests","HIV 1/2, Stat-Pak HIV, Kit, 20 Tests",,20,530,219,31,1.55,16.89
"Nevirapine 200mg, tablets, 60 Tabs","Nevirapine 200mg, tablets, 60 Tabs",200mg,60,158000,9832,2.2,0.04,357.33
"Zidovudine 300mg, tablets, 60 Tabs","Zidovudine 300mg, tablets, 60 Tabs",300mg,60,57494,3085,7.43,0.12,921
"HIV 1/2, Uni-Gold HIV Kit, 20 Tests","HIV 1/2, Uni-Gold HIV Kit, 20 Tests",,20,8,Weight Captured Separately,55.06,2.75,0.95
"HIV 1/2, Determine Complete HIV Kit, 100 Tests","HIV 1/2, Determine Complete HIV Kit, 100 Tests",,100,2618,1246,80,0.8,345.58
"Efavirenz 200mg, capsule, 90 Caps","Efavirenz 200mg, capsule, 90 Caps",200mg,90,41,Weight Captured Separately,18.25,0.2,0.77
"HIV 1/2, Determine Complete HIV Kit, 100 Tests","HIV 1/2, Determine Complete HIV Kit, 100 Tests",,100,3180,1290,89,0.89,290.94
"Lamivudine/Tenofovir Disoproxil Fumarate 300/300mg, tablets, 30 Tabs","Lamivudine/Tenofovir Disoproxil Fumarate 300/300mg, tablets, 30 Tabs",300/300mg,30,16013,1468,4.62,0.15,76.05
"Nevirapine 200mg, tablets, 60 Tabs","Nevirapine 200mg, tablets, 60 Tabs",200mg,60,6934,820,2.6,0.04,38.87
"Didanosine 200mg, delayed-release capsules, 30 Caps","Didanosine 200mg, delayed-release capsules, 30 Caps",200mg,30,550,54,11,0.37,6.22
"Tenofovir Disoproxil Fumarate 300mg, tablets, 30 Tabs","Tenofovir Disoproxil Fumarate 300mg, tablets, 30 Tabs",300mg,30,150000,10156,6.86,0.23,1697.85
"HIV 1/2, Uni-Gold HIV Kit, 20 Tests","HIV 1/2, Uni-Gold HIV Kit, 20 Tests",,20,5,2,32,1.6,0.31
"HIV 1/2, DoubleCheck Gold Kit, 20 Tests","HIV 1/2, DoubleCheck Gold Kit, 20 Tests",,20,540,Weight Captured Separately,36.52,1.83,20.27
"Efavirenz 30mg/ml [Stocrin/Sustiva], oral solution, Bottle, 180 ml","Efavirenz 30mg/ml [Stocrin/Sustiva], oral solution, Bottle, 180 ml",30mg/ml,180,342,109,16.96,0.09,12.51
"HIV 1/2, SKB Colloidal Gold, Diagnostic Kit, Antibody, 50 Tests","HIV 1/2, SKB Colloidal Gold, Diagnostic Kit, Antibody, 50 Tests",,1,2988,1992,24.5,24.5,90.56
"Etravirine 100mg [Intelence], tablets, 120 Tabs","Etravirine 100mg [Intelence], tablets, 120 Tabs",100mg,120,24,Weight Captured Separately,35.42,0.3,0.87
"Lamivudine 150mg, tablets, 60 Tabs","Lamivudine 150mg, tablets, 60 Tabs",150mg,60,46100,2350,1.81,0.03,103.22
"Lopinavir/Ritonavir 200/50mg [Aluvia], tablets, 120 Tabs","Lopinavir/Ritonavir 200/50mg [Aluvia], tablets, 120 Tabs",200/50mg,120,4500,See ASN-33526 (ID#:32150),60.8,0.51,322.03
"Raltegravir 400mg [Isentress], tablets, 60 Tabs","Raltegravir 400mg [Isentress], tablets, 60 Tabs",400mg,60,100,Weight Captured Separately,55.5,0.92,5.71
"Lamivudine 150mg, tablets, 60 Tabs","Lamivudine 150mg, tablets, 60 Tabs",150mg,60,66660,3211,2.53,0.04,363.61
"Didanosine 400mg, delayed-release capsules, 30 Caps","Didanosine 400mg, delayed-release capsules, 30 Caps",400mg,30,500,39,20,0.67,21.56
"Efavirenz 600mg, tablets, 30 Tabs","Efavirenz 600mg, tablets, 30 Tabs",600mg,30,127904,10980,4.53,0.15,1249.2
"Emtricitabine/Tenofovir Disoproxil Fumarate 200/300mg, tablets, 30 Tabs","Emtricitabine/Tenofovir Disoproxil Fumarate 200/300mg, tablets, 30 Tabs",200/300mg,30,4,Weight Captured Separately,29.92,1,0.15
"Efavirenz 600mg, tablets, 30 Tabs","Efavirenz 600mg, tablets, 30 Tabs",600mg,30,43065,See ASN-28761 (ID#:38632),2.98,0.1,131.93
"Abacavir 300mg, tablets, 60 Tabs","Abacavir 300mg, tablets, 60 Tabs",300mg,60,39,Weight Captured Separately,49.85,0.83,2
"Lopinavir/Ritonavir 200/50mg [Aluvia], tablets, 120 Tabs","Lopinavir/Ritonavir 200/50mg [Aluvia], tablets, 120 Tabs",200/50mg,120,2700,Weight Captured Separately,60.8,0.51,193.22
"Lamivudine/Nevirapine/Stavudine 150/200/30mg, tablets, 60 Tabs","Lamivudine/Nevirapine/Stavudine 150/200/30mg, tablets, 60 Tabs",150/200/30mg,60,19,Weight Captured Separately,30.24,0.5,0.71
"HIV 1/2, Determine Complete HIV Kit, 100 Tests","HIV 1/2, Determine Complete HIV Kit, 100 Tests",,100,2744,1303,89,0.89,342.39
"Atazanavir/Ritonavir 300/100mg, tablets, 30 Tabs","Atazanavir/Ritonavir 300/100mg, tablets, 30 Tabs",300/100mg,30,7108,949,19.5,0.65,163.14
"HIV, Multispot HIV-1/HIV-2 Rapid Test Kit, 50 Tests","HIV, Multispot HIV-1/HIV-2 Rapid Test Kit, 50 Tests",,50,80,Weight Captured Separately,1242.53,24.85,102.19
"HIV 1/2, Uni-Gold HIV Kit, 20 Tests","HIV 1/2, Uni-Gold HIV Kit, 20 Tests",,20,15,See ASN-31750 (ID#:19272),32,1.6,0.56
"Efavirenz 200mg, capsule, 90 Caps","Efavirenz 200mg, capsule, 90 Caps",200mg,90,22,Weight Captured Separately,26.37,0.29,0.72
"Etravirine 100mg [Intelence], tablets, 120 Tabs","Etravirine 100mg [Intelence], tablets, 120 Tabs",100mg,120,194,See ASN-18152 (ID#:66768),36,0.3,8.64
"HIV 1/2, Uni-Gold HIV Kit, 20 Tests","HIV 1/2, Uni-Gold HIV Kit, 20 Tests",,20,214,See ASN-31750 (ID#:19272),32,1.6,8.06
"Lamivudine/Nevirapine/Zidovudine 30/50/60mg, dispersible tablets, 60 Tabs","Lamivudine/Nevirapine/Zidovudine 30/50/60mg, dispersible tablets, 60 Tabs",30/50/60mg,60,1152,See ASN-28246 (ID#:33379),3.6,0.06,4.26
"Tenofovir Disoproxil Fumarate 300mg, tablets, 30 Tabs","Tenofovir Disoproxil Fumarate 300mg, tablets, 30 Tabs",300mg,30,141,Weight Captured Separately,19.02,0.63,3.32
"HIV 1/2, Bioline 3.0 Kit, Lancets, Capillary pipets, Alcohol swabs included, 25 Tests","HIV 1/2, Bioline 3.0 Kit, Lancets, Capillary pipets, Alcohol swabs included, 25 Tests",,25,10000,3334,20,0.8,330
"Zidovudine 300mg, tablets, 60 Tabs","Zidovudine 300mg, tablets, 60 Tabs",300mg,60,300,See ASN-26923 (ID#:13027),5.5,0.09,1.7
"HIV 1/2, Determine Complete HIV Kit, 100 Tests","HIV 1/2, Determine Complete HIV Kit, 100 Tests",,100,2100,1016,72,0.72,325.99
"Lamivudine/Nevirapine/Stavudine 150/200/30mg, tablets, 60 Tabs","Lamivudine/Nevirapine/Stavudine 150/200/30mg, tablets, 60 Tabs",150/200/30mg,60,40400,3919,6.15,0.1,486.98
"Lopinavir/Ritonavir 100/25mg [Aluvia], tablets, 60 Tabs","Lopinavir/Ritonavir 100/25mg [Aluvia], tablets, 60 Tabs",100/25mg,60,1320,See ASN-27824 (ID#:26961),5.94,0.1,8.06
"Raltegravir 400mg [Isentress], tablets, 60 Tabs","Raltegravir 400mg [Isentress], tablets, 60 Tabs",400mg,60,774,92,55.5,0.92,53.14
"Lamivudine/Nevirapine/Stavudine 150/200/30mg, tablets, 60 Tabs","Lamivudine/Nevirapine/Stavudine 150/200/30mg, tablets, 60 Tabs",150/200/30mg,60,22925,3723,4.8,0.08,181.57
"Tenofovir Disoproxil Fumarate 300mg, tablets, 30 Tabs","Tenofovir Disoproxil Fumarate 300mg, tablets, 30 Tabs",300mg,30,51828,3543,7.82,0.26,873.82
"Didanosine 50mg [Videx], chewable tablets, 60 Tabs","Didanosine 50mg [Videx], chewable tablets, 60 Tabs",50mg,60,300,See ASN-10007 (ID#:23194),9.5,0.16,4.7
"HIV 1/2, Determine Complete HIV Kit, 100 Tests","HIV 1/2, Determine Complete HIV Kit, 100 Tests",,100,30,See ASN-31335 (ID#:42778),89,0.89,3.14
"HIV 1/2, Determine Complete HIV Kit, 100 Tests","HIV 1/2, Determine Complete HIV Kit, 100 Tests",,100,2954,1284,80,0.8,292.33
"Efavirenz 200mg, capsule, 90 Caps","Efavirenz 200mg, capsule, 90 Caps",200mg,90,5291,800,4.42,0.05,24.04
"Efavirenz 600mg, tablets, 30 Tabs","Efavirenz 600mg, tablets, 30 Tabs",600mg,30,128467,11033,4.53,0.15,1254.7
"HIV 1/2, Uni-Gold HIV Kit, 20 Tests","HIV 1/2, Uni-Gold HIV Kit, 20 Tests",,20,77,See ASN-31750 (ID#:19272),32,1.6,2.9
"HIV 1/2, Bioline 3.0 Kit, Lancets, Capillary pipets, Alcohol swabs included, 25 Tests","HIV 1/2, Bioline 3.0 Kit, Lancets, Capillary pipets, Alcohol swabs included, 25 Tests",,25,15304,5102,20,0.8,505.03
"Lopinavir/Ritonavir 80/20mg/ml [Kaletra], oral solution, cool, Bottle 5 x 60 ml","Lopinavir/Ritonavir 80/20mg/ml [Kaletra], oral solution, cool, Bottle 5 x 60 ml",80/20mg/ml,300,789,794,30.82,0.1,25
"Efavirenz 50mg, capsule, 30 Caps","Efavirenz 50mg, capsule, 30 Caps",50mg,30,90,Weight Captured Separately,4.11,0.14,0.72
"Lamivudine/Zidovudine 150/300mg [Combivir], tablets, 60 Tabs","Lamivudine/Zidovudine 150/300mg [Combivir], tablets, 60 Tabs",150/300mg,60,2,Weight Captured Separately,35.67,0.59,0.09
"Lamivudine/Zidovudine 150/300mg, tablets, 60 Tabs","Lamivudine/Zidovudine 150/300mg, tablets, 60 Tabs",150/300mg,60,9072,902,8.55,0.14,167.23
"Atazanavir/Ritonavir 300/100mg, tablets, 30 Tabs","Atazanavir/Ritonavir 300/100mg, tablets, 30 Tabs",300/100mg,30,8000,1045,18,0.6,148.03
"HIV 1/2, Determine Complete HIV Kit, 100 Tests","HIV 1/2, Determine Complete HIV Kit, 100 Tests",,100,2500,1010,80,0.8,205.6
"Ritonavir 100mg [Norvir], film coated tablets, 30 Tabs","Ritonavir 100mg [Norvir], film coated tablets, 30 Tabs",100mg,30,572,See ASN-30674 (ID#:54100),23.26,0.78,15.66
"Efavirenz 600mg, tablets, 30 Tabs","Efavirenz 600mg, tablets, 30 Tabs",600mg,30,120,Weight Captured Separately,15.6,0.52,1.92
"HIV 1/2, Uni-Gold HIV Kit, 20 Tests","HIV 1/2, Uni-Gold HIV Kit, 20 Tests",,20,35,See ASN-29503 (ID#:13571),32,1.6,1.15
"HIV 1/2, Bioline 3.0 Kit, Lancets, Capillary pipets, Alcohol swabs included, 25 Tests","HIV 1/2, Bioline 3.0 Kit, Lancets, Capillary pipets, Alcohol swabs included, 25 Tests",,25,5080,1694,20,0.8,219.05
"Tenofovir Disoproxil Fumarate 300mg, tablets, 30 Tabs","Tenofovir Disoproxil Fumarate 300mg, tablets, 30 Tabs",300mg,30,65000,4364,6.47,0.22,693.91
"Lamivudine/Nevirapine/Zidovudine 150/200/300mg, tablets, 60 Tabs","Lamivudine/Nevirapine/Zidovudine 150/200/300mg, tablets, 60 Tabs",150/300/200mg,60,12665,See ASN-16123 (ID#:20371),9.35,0.16,166.02
"Tenofovir Disoproxil Fumarate 300mg, tablets, 30 Tabs","Tenofovir Disoproxil Fumarate 300mg, tablets, 30 Tabs",300mg,30,5208,See ASN-9090 (ID#:29979),6.75,0.22,75.79
"Lamivudine 10mg/ml, oral solution, Bottle, 240 ml","Lamivudine 10mg/ml, oral solution, Bottle, 240 ml",10mg/ml,240,20,Weight Captured Separately,7.15,0.03,0.15
"HIV 1/2, Determine HIV Kit, without Lancets, 100 Tests","HIV 1/2, Determine HIV Kit, without Lancets, 100 Tests",,100,8,2,70,0.7,1.1
"HIV 1/2, Determine Complete HIV Kit, 100 Tests","HIV 1/2, Determine Complete HIV Kit, 100 Tests",,100,5681,2307,89,0.89,595.1
"HIV 1/2, Determine HIV Kit, without Lancets, 100 Tests","HIV 1/2, Determine HIV Kit, without Lancets, 100 Tests",,100,5085,1154,70,0.7,697.66
"Saquinavir 500mg [Invirase], tablets, 120 Tabs","Saquinavir 500mg [Invirase], tablets, 120 Tabs",500mg,120,175,31,237.45,1.98,68.56
"Abacavir 300mg [Ziagen], tablets, Blister 6 x 10 Tabs","Abacavir 300mg [Ziagen], tablets, Blister 6 x 10 Tabs",300mg,60,40,Weight Captured Separately,40.19,0.67,3.47
"Zidovudine 300mg, tablets, 60 Tabs","Zidovudine 300mg, tablets, 60 Tabs",300mg,60,86467,4364,7.33,0.12,1366.48
"HIV 1/2, Determine Complete HIV Kit, 100 Tests","HIV 1/2, Determine Complete HIV Kit, 100 Tests",,100,1608,958,80,0.8,132.24
"Raltegravir 400mg [Isentress], tablets, 60 Tabs","Raltegravir 400mg [Isentress], tablets, 60 Tabs",400mg,60,3,Weight Captured Separately,61.16,1.02,0.19
"Efavirenz 600mg, tablets, 30 Tabs","Efavirenz 600mg, tablets, 30 Tabs",600mg,30,246113,20896,4.26,0.14,1729.93
"Efavirenz/Emtricitabine/Tenofovir Disoproxil Fumarate 600/200/300mg [Atripla], tablets, 30 Tabs","Efavirenz/Emtricitabine/Tenofovir Disoproxil Fumarate 600/200/300mg [Atripla], tablets, 30 Tabs",600/200/300mg,30,3600,402,50.4,1.68,355.62
"Efavirenz 200mg, capsule, 90 Caps","Efavirenz 200mg, capsule, 90 Caps",200mg,90,58,Weight Captured Separately,23.59,0.26,1.41
"Abacavir 300mg, tablets, 60 Tabs","Abacavir 300mg, tablets, 60 Tabs",300mg,60,4680,487,10.99,0.18,52.87
"Efavirenz 600mg, tablets, 30 Tabs","Efavirenz 600mg, tablets, 30 Tabs",600mg,30,14374,1228,3.24,0.11,57.61
"Lopinavir/Ritonavir 200/50mg, tablets, 120 Tabs","Lopinavir/Ritonavir 200/50mg, tablets, 120 Tabs",200/50mg,120,1802,Weight Captured Separately,34.3,0.29,133.26
"Abacavir 20mg/ml [Ziagen], oral solution, Bottle, 240 ml","Abacavir 20mg/ml [Ziagen], oral solution, Bottle, 240 ml",20mg/ml,240,32000,12264,10.02,0.04,529.06
"Lamivudine/Nevirapine/Zidovudine 150/200/300mg, tablets, 60 Tabs","Lamivudine/Nevirapine/Zidovudine 150/200/300mg, tablets, 60 Tabs",150/300/200mg,60,24428,3408,10.99,0.18,442.97
"Efavirenz 600mg, tablets, 30 Tabs","Efavirenz 600mg, tablets, 30 Tabs",600mg,30,63652,3914,3.19,0.11,251.17
"Tenofovir Disoproxil Fumarate 300mg, tablets, 30 Tabs","Tenofovir Disoproxil Fumarate 300mg, tablets, 30 Tabs",300mg,30,80381,7503,6.91,0.23,1197.51
"Didanosine 200mg, delayed-release capsules, 30 Caps","Didanosine 200mg, delayed-release capsules, 30 Caps",200mg,30,827,72,11,0.37,9.35
"HIV 1/2, Determine Complete HIV Kit, 100 Tests","HIV 1/2, Determine Complete HIV Kit, 100 Tests",,100,3176,1288,89,0.89,290.58
"Abacavir 300mg, tablets, 60 Tabs","Abacavir 300mg, tablets, 60 Tabs",300mg,60,950,See ASN-26927 (ID#:26612),11.45,0.19,11.18
"Nevirapine 200mg, tablets, 60 Tabs","Nevirapine 200mg, tablets, 60 Tabs",200mg,60,15825,See ASN-20434 (ID#:13874),2.2,0.04,43.07
"Lamivudine/Nevirapine/Zidovudine 30/50/60mg, dispersible tablets, 60 Tabs","Lamivudine/Nevirapine/Zidovudine 30/50/60mg, dispersible tablets, 60 Tabs",30/50/60mg,60,2594,231,3.6,0.06,9.6
"HIV 1/2, OraQuick Advance HIV Rapid Antibody Kit, 100 Tests","HIV 1/2, OraQuick Advance HIV Rapid Antibody Kit, 100 Tests",,100,85,187,350,3.5,64.14
"Lamivudine 150mg, tablets, 60 Tabs","Lamivudine 150mg, tablets, 60 Tabs",150mg,60,50000,2537,2.35,0.04,193.88
"Efavirenz 50mg, capsule, 30 Caps","Efavirenz 50mg, capsule, 30 Caps",50mg,30,19,Weight Captured Separately,3.32,0.11,0.08
"Lamivudine 150mg, tablets, 60 Tabs","Lamivudine 150mg, tablets, 60 Tabs",150mg,60,29847,1403,2.35,0.04,151.22
"HIV 1/2, Determine Complete HIV Kit, 100 Tests","HIV 1/2, Determine Complete HIV Kit, 100 Tests",,100,56,See ASN-32231 (ID#:13648),80,0.8,5.27
"HIV 1/2, Determine Complete HIV Kit, 100 Tests","HIV 1/2, Determine Complete HIV Kit, 100 Tests",,100,3035,1346,80,0.8,300.34
"Lamivudine 150mg, tablets, 60 Tabs","Lamivudine 150mg, tablets, 60 Tabs",150mg,60,27634,1616,2.1,0.04,81.36
"HIV 1/2, Determine Complete HIV Kit, 100 Tests","HIV 1/2, Determine Complete HIV Kit, 100 Tests",,100,6101,2471,89,0.89,558.19
"Lamivudine 150mg, tablets, 60 Tabs","Lamivudine 150mg, tablets, 60 Tabs",150mg,60,22430,939,1.84,0.03,57.86
"HIV 1/2, Uni-Gold HIV Kit, 20 Tests","HIV 1/2, Uni-Gold HIV Kit, 20 Tests",,20,450,See ASN-29503 (ID#:13571),32,1.6,14.8
"Tenofovir Disoproxil Fumarate 300mg, tablets, 30 Tabs","Tenofovir Disoproxil Fumarate 300mg, tablets, 30 Tabs",300mg,30,8400,909,7.75,0.26,140.36
"HIV 1/2, Determine Complete HIV Kit, 100 Tests","HIV 1/2, Determine Complete HIV Kit, 100 Tests",,100,3200,1533,89,0.89,399.29
"Lamivudine/Zidovudine 150/300mg, tablets, 60 Tabs","Lamivudine/Zidovudine 150/300mg, tablets, 60 Tabs",150/300mg,60,53051,4611,7.15,0.12,531.8
"Raltegravir 400mg [Isentress], tablets, 60 Tabs","Raltegravir 400mg [Isentress], tablets, 60 Tabs",400mg,60,6,Weight Captured Separately,61.16,1.02,0.38
"Lopinavir/Ritonavir 100/25mg [Aluvia], tablets, 60 Tabs","Lopinavir/Ritonavir 100/25mg [Aluvia], tablets, 60 Tabs",100/25mg,60,407,68,6.37,0.11,3.63
"Nevirapine 10mg/ml, oral suspension w/syringe, Bottle, 240 ml","Nevirapine 10mg/ml, oral suspension w/syringe, Bottle, 240 ml",10mg/ml,240,436,See ASN-17077 (ID#:37031),1.95,0.01,1.19
"Ritonavir 100mg [Norvir], film coated tablets, 60 Tabs","Ritonavir 100mg [Norvir], film coated tablets, 60 Tabs",100mg,60,337,55,6.85,0.11,2.86
"HIV 1/2, Determine Complete HIV Kit, 100 Tests","HIV 1/2, Determine Complete HIV Kit, 100 Tests",,100,350,See ASN-29409 (ID#:20185),89,0.89,32.02
"HIV 1/2, SKB Colloidal Gold, Diagnostic Kit, Antibody, 50 Tests","HIV 1/2, SKB Colloidal Gold, Diagnostic Kit, Antibody, 50 Tests",,1,5994,3996,24.5,24.5,150.96
"Efavirenz 50mg, capsule, 30 Caps","Efavirenz 50mg, capsule, 30 Caps",50mg,30,252,9,2.02,0.07,0.63
"Nevirapine 200mg, tablets, 60 Tabs","Nevirapine 200mg, tablets, 60 Tabs",200mg,60,58234,5551,2.25,0.04,183.7
"HIV 1/2, Determine Complete HIV Kit, 100 Tests","HIV 1/2, Determine Complete HIV Kit, 100 Tests",,100,3250,979,80,0.8,509.6
"Efavirenz 600mg, tablets, 30 Tabs","Efavirenz 600mg, tablets, 30 Tabs",600mg,30,92500,7878,4.71,0.16,718.86
"Nevirapine 200mg, tablets, 60 Tabs","Nevirapine 200mg, tablets, 60 Tabs",200mg,60,12425,1273,2.25,0.04,28.74
"HIV 1/2, Uni-Gold HIV Kit, 20 Tests","HIV 1/2, Uni-Gold HIV Kit, 20 Tests",,20,20,7,32,1.6,1.06
"HIV 1/2, Determine HIV Kit, without Lancets, 100 Tests","HIV 1/2, Determine HIV Kit, without Lancets, 100 Tests",,100,8,3,70,0.7,1.1
"Efavirenz 50mg, capsule, 30 Caps","Efavirenz 50mg, capsule, 30 Caps",50mg,30,38584,2773,1.56,0.05,61.88
"Capillary Tubes, for Determine, EDTA, 50uL,100 Pcs","Capillary Tubes, for Determine, EDTA, 50uL,100 Pcs",,100,50,See ASN-32107 (ID#:16391),8,0.08,0.47
"Abacavir 300mg [Ziagen], tablets, Blister 6 x 10 Tabs","Abacavir 300mg [Ziagen], tablets, Blister 6 x 10 Tabs",300mg,60,250,Weight Captured Separately,47.4,0.79,23.23
"Lamivudine/Tenofovir Disoproxil Fumarate 300/300mg, tablets, 30 Tabs","Lamivudine/Tenofovir Disoproxil Fumarate 300/300mg, tablets, 30 Tabs",300/300mg,30,40805,4574,4.79,0.16,274.03
"Raltegravir 400mg [Isentress], tablets, 60 Tabs","Raltegravir 400mg [Isentress], tablets, 60 Tabs",400mg,60,3,Weight Captured Separately,84.65,1.41,0.26
"Lamivudine 150mg, tablets, 60 Tabs","Lamivudine 150mg, tablets, 60 Tabs",150mg,60,25342,1279,2.37,0.04,129.49
"HIV 1/2, Determine HIV Kit, without Lancets, 100 Tests","HIV 1/2, Determine HIV Kit, without Lancets, 100 Tests",,100,3500,795,77.7,0.78,336.4
"Lamivudine/Tenofovir Disoproxil Fumarate 300/300mg, tablets, 30 Tabs","Lamivudine/Tenofovir Disoproxil Fumarate 300/300mg, tablets, 30 Tabs",300/300mg,30,11194,Weight Captured Separately,4.59,0.15,52.82
"Lopinavir/Ritonavir 100/25mg [Aluvia], tablets, 60 Tabs","Lopinavir/Ritonavir 100/25mg [Aluvia], tablets, 60 Tabs",100/25mg,60,1956,230,5.94,0.1,14.37
"Lopinavir/Ritonavir 80/20mg/ml [Kaletra], oral solution, cool, Bottle 5 x 60 ml","Lopinavir/Ritonavir 80/20mg/ml [Kaletra], oral solution, cool, Bottle 5 x 60 ml",80/20mg/ml,300,1943,1848,30.82,0.1,74.08
"Lamivudine/Tenofovir Disoproxil Fumarate 300/300mg, tablets, 30 Tabs","Lamivudine/Tenofovir Disoproxil Fumarate 300/300mg, tablets, 30 Tabs",300/300mg,30,29146,2870,4.65,0.16,139.32
"HIV 1/2, Determine Complete HIV Kit, 100 Tests","HIV 1/2, Determine Complete HIV Kit, 100 Tests",,100,130,60,80,0.8,14.58
"Lopinavir/Ritonavir 80/20mg/ml [Kaletra], oral solution, cool, Bottle 5 x 60 ml","Lopinavir/Ritonavir 80/20mg/ml [Kaletra], oral solution, cool, Bottle 5 x 60 ml",80/20mg/ml,300,760,757,30.82,0.1,28.97
"Chase Buffer, Determine, 100 Tests, 2.5ml x 1 Vial","Chase Buffer, Determine, 100 Tests, 2.5ml x 1 Vial",,1,50,See ASN-21679 (ID#:13900),5,5,0.31
"Nevirapine 200mg, tablets, 60 Tabs","Nevirapine 200mg, tablets, 60 Tabs",200mg,60,5093,Weight Captured Separately,18.48,0.31,116.41
"Lamivudine 150mg, tablets, 60 Tabs","Lamivudine 150mg, tablets, 60 Tabs",150mg,60,50000,2351,2.35,0.04,193.88
"HIV 1/2, Uni-Gold HIV Kit, 20 Tests","HIV 1/2, Uni-Gold HIV Kit, 20 Tests",,20,728,245,32,1.6,38.44
"Lamivudine/Tenofovir Disoproxil Fumarate 300/300mg, tablets, 30 Tabs","Lamivudine/Tenofovir Disoproxil Fumarate 300/300mg, tablets, 30 Tabs",300/300mg,30,7026,See ASN-32527 (ID#:24386),4.5,0.15,37.21
"Atazanavir 150mg [Reyataz], capsules, 60 Caps","Atazanavir 150mg [Reyataz], capsules, 60 Caps",150mg,60,216,17,33.85,0.56,7.52
"#109435**HIV, OraQuick Controls Kit, 3 Vials","#109435**HIV, OraQuick Controls Kit, 3 Vials",,3,10,7,25,8.33,0.49
"Capillary Tubes, for Determine, EDTA, 50uL,100 Pcs","Capillary Tubes, for Determine, EDTA, 50uL,100 Pcs",,100,337,See ASN-14984 (ID#:14988),8,0.08,3.78
"Lopinavir/Ritonavir 200/50mg [Aluvia], tablets, 120 Tabs","Lopinavir/Ritonavir 200/50mg [Aluvia], tablets, 120 Tabs",200/50mg,120,5000,See ASN-30672 (ID#:40443),60.8,0.51,357.81
"Abacavir 60mg, dispersible tablets, 60 Tabs","Abacavir 60mg, dispersible tablets, 60 Tabs",60mg,60,482,50,5,0.08,2.98
"HIV 1/2, Determine Complete HIV Kit, 100 Tests","HIV 1/2, Determine Complete HIV Kit, 100 Tests",,100,7238,1246,89,0.89,1062.9
"HIV 1/2, Determine Complete HIV Kit, 100 Tests","HIV 1/2, Determine Complete HIV Kit, 100 Tests",,100,2744,1303,89,0.89,342.39
"HIV 1/2, Determine Complete HIV Kit, 100 Tests","HIV 1/2, Determine Complete HIV Kit, 100 Tests",,100,6350,2575,89,0.89,665.18
"Tenofovir Disoproxil Fumarate 300mg, tablets, 30 Tabs","Tenofovir Disoproxil Fumarate 300mg, tablets, 30 Tabs",300mg,30,100,11,6.65,0.22,1.1
"HIV 1/2, Uni-Gold HIV Kit, 20 Tests","HIV 1/2, Uni-Gold HIV Kit, 20 Tests",,20,416,249,32,1.6,18.66
"Lamivudine/Nevirapine/Zidovudine 30/50/60mg, dispersible tablets, 60 Tabs","Lamivudine/Nevirapine/Zidovudine 30/50/60mg, dispersible tablets, 60 Tabs",30/50/60mg,60,7867,811,3.6,0.06,29.11
"HIV 1/2/O, First Response HIV 1-2.0, v.3.0 Cards Kit, 30 Tests","HIV 1/2/O, First Response HIV 1-2.0, v.3.0 Cards Kit, 30 Tests",,30,8000,2460,22.5,0.75,222.66
"Lamivudine 150mg, tablets, 60 Tabs","Lamivudine 150mg, tablets, 60 Tabs",150mg,60,164908,8048,2.47,0.04,878.19
"Lopinavir/Ritonavir 200/50mg [Aluvia], tablets, 120 Tabs","Lopinavir/Ritonavir 200/50mg [Aluvia], tablets, 120 Tabs",200/50mg,120,1473,Weight Captured Separately,24.99,0.21,45.54
"Lamivudine/Stavudine 60/12mg, dispersible tablets, 60 Tabs","Lamivudine/Stavudine 60/12mg, dispersible tablets, 60 Tabs",60/12mg,60,672,50,3.67,0.06,3.46
"Efavirenz/Lamivudine/Tenofovir Disoproxil Fumarate 600/300/300mg, tablets, 30 Tabs","Efavirenz/Lamivudine/Tenofovir Disoproxil Fumarate 600/300/300mg, tablets, 30 Tabs",600/300/300mg,30,15840,2517,10.5,0.35,170.98
"HIV 1/2, Determine Complete HIV Kit, 100 Tests","HIV 1/2, Determine Complete HIV Kit, 100 Tests",,100,2419,933,89,0.89,355.23
"Lamivudine/Zidovudine 150/300mg, tablets, 60 Tabs","Lamivudine/Zidovudine 150/300mg, tablets, 60 Tabs",150/300mg,60,19,Weight Captured Separately,22.54,0.38,0.44
"Lamivudine/Nevirapine/Zidovudine 30/50/60mg, dispersible tablets, 60 Tabs","Lamivudine/Nevirapine/Zidovudine 30/50/60mg, dispersible tablets, 60 Tabs",30/50/60mg,60,8698,See ASN-16124 (ID#:20321),4.15,0.07,50.61
"Nevirapine 50mg, dispersible tablets (tablets for oral suspension), 30 Tabs","Nevirapine 50mg, dispersible tablets (tablets for oral suspension), 30 Tabs",50mg,30,240,30,1.3,0.04,0.32
"Efavirenz/Lamivudine/Tenofovir Disoproxil Fumarate 600/300/300mg, tablets, 30 Tabs","Efavirenz/Lamivudine/Tenofovir Disoproxil Fumarate 600/300/300mg, tablets, 30 Tabs",600/300/300mg,30,20856,2959,10.5,0.35,225.12
"Lamivudine 10mg/ml, oral solution, Bottle, 240 ml","Lamivudine 10mg/ml, oral solution, Bottle, 240 ml",10mg/ml,240,13863,5467,1.43,0.01,20.38
"Capillary Tubes, for Determine, EDTA, 50uL,100 Pcs","Capillary Tubes, for Determine, EDTA, 50uL,100 Pcs",,100,115,See ASN-19142 (ID#:22600),8,0.08,1.14
"HIV 1/2, Uni-Gold HIV Kit, 20 Tests","HIV 1/2, Uni-Gold HIV Kit, 20 Tests",,20,27,See ASN-26738 (ID#:15115),32,1.6,0.89
"Efavirenz 200mg, capsule, 90 Caps","Efavirenz 200mg, capsule, 90 Caps",200mg,90,3,Weight Captured Separately,17.04,0.19,0.05
"Didanosine 400mg, delayed-release capsules, 30 Caps","Didanosine 400mg, delayed-release capsules, 30 Caps",400mg,30,14,Weight Captured Separately,19.9,0.66,0.34
"HIV 1/2, Uni-Gold HIV Kit, 20 Tests","HIV 1/2, Uni-Gold HIV Kit, 20 Tests",,20,413,134,32,1.6,16.35
"HIV 1/2, Determine Complete HIV Kit, 100 Tests","HIV 1/2, Determine Complete HIV Kit, 100 Tests",,100,5100,2440,80,0.8,799.68
"HIV 1/2, Determine Complete HIV Kit, 100 Tests","HIV 1/2, Determine Complete HIV Kit, 100 Tests",,100,5698,2314,100,1,670.65
"Didanosine 400mg, delayed-release capsules, 30 Caps","Didanosine 400mg, delayed-release capsules, 30 Caps",400mg,30,7,Weight Captured Separately,19.68,0.66,0.14
"Tenofovir Disoproxil Fumarate 300mg, tablets, 30 Tabs","Tenofovir Disoproxil Fumarate 300mg, tablets, 30 Tabs",300mg,30,3192,See ASN-6355 (ID#:16828),7.5,0.25,51.61
"Capillary Tubes, for Determine, EDTA, 50uL,100 Pcs","Capillary Tubes, for Determine, EDTA, 50uL,100 Pcs",,100,100,74,8,0.08,0.99
"Abacavir 300mg, tablets, 60 Tabs","Abacavir 300mg, tablets, 60 Tabs",300mg,60,500,See ASN-27812 (ID#:25926),11.45,0.19,5.89
"Lamivudine 150mg, tablets, 60 Tabs","Lamivudine 150mg, tablets, 60 Tabs",150mg,60,592,Weight Captured Separately,9.76,0.16,7.15
"HIV 1/2, Stat-Pak HIV, Kit, 20 Tests","HIV 1/2, Stat-Pak HIV, Kit, 20 Tests",,20,2120,610,31,1.55,67.56
"Lopinavir/Ritonavir 80/20mg/ml [Kaletra], oral solution, cool, Bottle 5 x 60 ml","Lopinavir/Ritonavir 80/20mg/ml [Kaletra], oral solution, cool, Bottle 5 x 60 ml",80/20mg/ml,300,90,126,33.7,0.11,5
"HIV 1/2, Genie III Kit, 50 Tests","HIV 1/2, Genie III Kit, 50 Tests",,50,300,160,91,1.82,38.27
"HIV 1/2, SKB Colloidal Gold, Diagnostic Kit, Antibody, 50 Tests","HIV 1/2, SKB Colloidal Gold, Diagnostic Kit, Antibody, 50 Tests",,1,2988,1992,24.5,24.5,90.56
"Lamivudine/Nevirapine/Zidovudine 30/50/60mg, dispersible tablets, 60 Tabs","Lamivudine/Nevirapine/Zidovudine 30/50/60mg, dispersible tablets, 60 Tabs",30/50/60mg,60,1119,See ASN-18970 (ID#:33422),4,0.07,5.54
"Zidovudine 10mg/ml, oral solution w/syringe, Bottle, 240 ml","Zidovudine 10mg/ml, oral solution w/syringe, Bottle, 240 ml",10mg/ml,240,350,See ASN-15795 (ID#:16725),2.1,0.01,1.03
"Lamivudine/Nevirapine/Zidovudine 150/200/300mg, tablets, 60 Tabs","Lamivudine/Nevirapine/Zidovudine 150/200/300mg, tablets, 60 Tabs",150/300/200mg,60,36000,See ASN-30463 (ID#:15460),8.29,0.14,306.8
"HIV 1/2, Determine Complete HIV Kit, 100 Tests","HIV 1/2, Determine Complete HIV Kit, 100 Tests",,100,1145,647,80,0.8,151.14
"Nevirapine 200mg, tablets, 60 Tabs","Nevirapine 200mg, tablets, 60 Tabs",200mg,60,3753,216,2.54,0.04,20.55
"Efavirenz 600mg, tablets, 30 Tabs","Efavirenz 600mg, tablets, 30 Tabs",600mg,30,1,Weight Captured Separately,16.73,0.56,0.02
"Nevirapine 200mg, tablets, 60 Tabs","Nevirapine 200mg, tablets, 60 Tabs",200mg,60,22500,2145,2.35,0.04,74.13
"Lopinavir/Ritonavir 200/50mg [Aluvia], tablets, 120 Tabs","Lopinavir/Ritonavir 200/50mg [Aluvia], tablets, 120 Tabs",200/50mg,120,70,Weight Captured Separately,25.76,0.21,2.23
"Efavirenz 600mg, tablets, 30 Tabs","Efavirenz 600mg, tablets, 30 Tabs",600mg,30,20370,1619,3.57,0.12,101.95
"Zidovudine 300mg, tablets, 60 Tabs","Zidovudine 300mg, tablets, 60 Tabs",300mg,60,12,Weight Captured Separately,27.11,0.45,0.4
"Lopinavir/Ritonavir 100/25mg [Aluvia], tablets, 60 Tabs","Lopinavir/Ritonavir 100/25mg [Aluvia], tablets, 60 Tabs",100/25mg,60,1575,186,7.71,0.13,20.04
"Nevirapine 200mg, tablets, 60 Tabs","Nevirapine 200mg, tablets, 60 Tabs",200mg,60,872,Weight Captured Separately,17.1,0.29,18.44
"Lopinavir/Ritonavir 200/50mg [Aluvia], tablets, 120 Tabs","Lopinavir/Ritonavir 200/50mg [Aluvia], tablets, 120 Tabs",200/50mg,120,7145,1604,36.16,0.3,557.03
"Efavirenz 600mg, tablets, 30 Tabs","Efavirenz 600mg, tablets, 30 Tabs",600mg,30,64260,5623,4.51,0.15,624.84
"Capillary Tubes, for Determine, EDTA, 50uL,100 Pcs","Capillary Tubes, for Determine, EDTA, 50uL,100 Pcs",,100,15,See ASN-32108 (ID#:53922),8,0.08,0.14
"Atazanavir/Ritonavir 300/100mg, tablets, 30 Tabs","Atazanavir/Ritonavir 300/100mg, tablets, 30 Tabs",300/100mg,30,6878,Weight Captured Separately,18,0.6,145.72
"HIV 1/2, SKB Colloidal Gold, Diagnostic Kit, Antibody, 50 Tests","HIV 1/2, SKB Colloidal Gold, Diagnostic Kit, Antibody, 50 Tests",,1,5994,3996,24.5,24.5,150.96
"Lamivudine/Nevirapine/Zidovudine 30/50/60mg, dispersible tablets, 60 Tabs","Lamivudine/Nevirapine/Zidovudine 30/50/60mg, dispersible tablets, 60 Tabs",30/50/60mg,60,6500,Weight Captured Separately,3.5,0.06,23.39
"Efavirenz 600mg, tablets, 30 Tabs","Efavirenz 600mg, tablets, 30 Tabs",600mg,30,56970,4822,4.67,0.16,573.6
"HIV 1/2, Determine HIV Kit, without Lancets, 100 Tests","HIV 1/2, Determine HIV Kit, without Lancets, 100 Tests",,100,150,37,70,0.7,20.58
"Lamivudine 150mg, tablets, 60 Tabs","Lamivudine 150mg, tablets, 60 Tabs",150mg,60,15750,986,2.59,0.04,79.95
"Nevirapine 200mg, tablets, 60 Tabs","Nevirapine 200mg, tablets, 60 Tabs",200mg,60,100000,6304,2.18,0.04,224.1
"Lopinavir/Ritonavir 100/25mg [Aluvia], tablets, 60 Tabs","Lopinavir/Ritonavir 100/25mg [Aluvia], tablets, 60 Tabs",100/25mg,60,360,46,7.71,0.13,3.89
"HIV 1/2, Determine Complete HIV Kit, 100 Tests","HIV 1/2, Determine Complete HIV Kit, 100 Tests",,100,4555,974,80,0.8,785.65
"HIV 1/2, Uni-Gold HIV Kit, 20 Tests","HIV 1/2, Uni-Gold HIV Kit, 20 Tests",,20,3000,909,32,1.6,98.69
"Tenofovir Disoproxil Fumarate 300mg, tablets, 30 Tabs","Tenofovir Disoproxil Fumarate 300mg, tablets, 30 Tabs",300mg,30,21896,2044,6.65,0.22,240.25
"Efavirenz 50mg, capsule, 30 Caps","Efavirenz 50mg, capsule, 30 Caps",50mg,30,92000,5184,2.35,0.08,466.13
"Emtricitabine/Tenofovir Disoproxil Fumarate 200/300mg, tablets, 30 Tabs","Emtricitabine/Tenofovir Disoproxil Fumarate 200/300mg, tablets, 30 Tabs",200/300mg,30,2,Weight Captured Separately,30.21,1.01,0.06
"Saquinavir 500mg [Invirase], tablets, 120 Tabs","Saquinavir 500mg [Invirase], tablets, 120 Tabs",500mg,120,98,18,103.57,0.86,16.75
"Sulfadoxine/Pyrimethamine 500/25mg, tablets, 1000 Tabs","Sulfadoxine/Pyrimethamine 500/25mg, tablets, 1000 Tabs",500/25mg,1000,720,578,22.45,0.02,19.99
"HIV 1/2, Genie III Kit, 50 Tests","HIV 1/2, Genie III Kit, 50 Tests",,50,300,728,91,1.82,38.27
"HIV 1/2, Determine Complete HIV Kit, 100 Tests","HIV 1/2, Determine Complete HIV Kit, 100 Tests",,100,5995,Weight Captured Separately,89,0.89,748.04
"Ritonavir 100mg [Norvir], film coated tablets, 60 Tabs","Ritonavir 100mg [Norvir], film coated tablets, 60 Tabs",100mg,60,25,Weight Captured Separately,6.85,0.11,0.2
"HIV 1/2, Determine Complete HIV Kit, 100 Tests","HIV 1/2, Determine Complete HIV Kit, 100 Tests",,100,5361,1098,80,0.8,924.67
"HIV 1/2, Stat-Pak HIV, Kit, 20 Tests","HIV 1/2, Stat-Pak HIV, Kit, 20 Tests",,20,4848,1784,29,1.45,197.11
"Atazanavir/Ritonavir 300/100mg, tablets, 30 Tabs","Atazanavir/Ritonavir 300/100mg, tablets, 30 Tabs",300/100mg,30,8000,1023,18,0.6,148.03
"HIV 1/2, Determine Complete HIV Kit, 100 Tests","HIV 1/2, Determine Complete HIV Kit, 100 Tests",,100,6000,2432,80,0.8,493.44
"Lopinavir/Ritonavir 200/50mg [Aluvia], tablets, 120 Tabs","Lopinavir/Ritonavir 200/50mg [Aluvia], tablets, 120 Tabs",200/50mg,120,4033,Weight Captured Separately,60.82,0.51,303.42
"HIV 1/2, Determine Complete HIV Kit, 100 Tests","HIV 1/2, Determine Complete HIV Kit, 100 Tests",,100,3032,1317,80,0.8,300.05
"HIV 1/2, SKB Colloidal Gold, Diagnostic Kit, Antibody, 50 Tests","HIV 1/2, SKB Colloidal Gold, Diagnostic Kit, Antibody, 50 Tests",,1,20,16,23,23,0.76
"HIV 1/2, Determine Complete HIV Kit, 100 Tests","HIV 1/2, Determine Complete HIV Kit, 100 Tests",,100,7882,3757,80,0.8,1040.42
"Nevirapine 200mg, tablets, 60 Tabs","Nevirapine 200mg, tablets, 60 Tabs",200mg,60,22,Weight Captured Separately,12.82,0.21,0.29
"Efavirenz 30mg/ml [Stocrin/Sustiva], oral solution, Bottle, 180 ml","Efavirenz 30mg/ml [Stocrin/Sustiva], oral solution, Bottle, 180 ml",30mg/ml,180,167,47,16.96,0.09,5.55
"HIV 1/2, Stat-Pak HIV, Kit, 20 Tests","HIV 1/2, Stat-Pak HIV, Kit, 20 Tests",,20,2068,685,27,1.35,120.38
"Didanosine 250mg, delayed-release capsules, 30 Caps","Didanosine 250mg, delayed-release capsules, 30 Caps",250mg,30,570,See ASN-10663 (ID#:32313),13.25,0.44,16.28
"Abacavir 300mg, tablets, 60 Tabs","Abacavir 300mg, tablets, 60 Tabs",300mg,60,591,36,11.4,0.19,8.33
"HIV 1/2, Genie III Kit, 50 Tests","HIV 1/2, Genie III Kit, 50 Tests",,50,500,284,91,1.82,63.79
"Zidovudine 10mg/ml, oral solution, Bottle, 240 ml","Zidovudine 10mg/ml, oral solution, Bottle, 240 ml",10mg/ml,240,3652,1575,2,0.01,7.51
"Darunavir 600mg [Prezista], tablets, 60 Tabs","Darunavir 600mg [Prezista], tablets, 60 Tabs",600mg,60,111,42,54,0.9,6.16
"Chase Buffer, Determine, 100 Tests, 2.5ml x 1 Vial","Chase Buffer, Determine, 100 Tests, 2.5ml x 1 Vial",,1,2683,See ASN-28379 (ID#:32865),5,5,13.79
"HIV 1/2, Uni-Gold HIV Kit, 20 Tests","HIV 1/2, Uni-Gold HIV Kit, 20 Tests",,20,1975,659,32,1.6,104.28
"Capillary Tubes, for Determine, EDTA, 50uL,100 Pcs","Capillary Tubes, for Determine, EDTA, 50uL,100 Pcs",,100,45,See ASN-31958 (ID#:15788),8,0.08,0.42
"Lamivudine/Tenofovir Disoproxil Fumarate 300/300mg, tablets, 30 Tabs","Lamivudine/Tenofovir Disoproxil Fumarate 300/300mg, tablets, 30 Tabs",300/300mg,30,20993,2100,4.65,0.16,120.75
"Lamivudine/Nevirapine/Zidovudine 150/200/300mg, tablets, 60 Tabs","Lamivudine/Nevirapine/Zidovudine 150/200/300mg, tablets, 60 Tabs",150/300/200mg,60,29107,3647,8.2,0.14,245.36
"HIV 1/2, Uni-Gold HIV Kit, 20 Tests","HIV 1/2, Uni-Gold HIV Kit, 20 Tests",,20,3962,1153,32,1.6,130.33
"Efavirenz 200mg, capsule, 90 Caps","Efavirenz 200mg, capsule, 90 Caps",200mg,90,17357,2301,9.98,0.11,373.47
"Lamivudine/Tenofovir Disoproxil Fumarate 300/300mg, tablets, 30 Tabs","Lamivudine/Tenofovir Disoproxil Fumarate 300/300mg, tablets, 30 Tabs",300/300mg,30,23322,2637,4.62,0.15,110.76
"Lamivudine/Zidovudine 150/300mg, tablets, 60 Tabs","Lamivudine/Zidovudine 150/300mg, tablets, 60 Tabs",150/300mg,60,9,Weight Captured Separately,31.19,0.52,0.29
"HIV 1/2, Determine Complete HIV Kit, 100 Tests","HIV 1/2, Determine Complete HIV Kit, 100 Tests",,100,3781,1642,0,0,0
"Lamivudine/Zidovudine 30/60mg, dispersible tablets, 60 Tabs","Lamivudine/Zidovudine 30/60mg, dispersible tablets, 60 Tabs",30/60mg,60,11538,See ASN-30499 (ID#:52793),1.99,0.03,23.6
"Tenofovir Disoproxil Fumarate 300mg, tablets, 30 Tabs","Tenofovir Disoproxil Fumarate 300mg, tablets, 30 Tabs",300mg,30,32,Weight Captured Separately,14.85,0.5,0.49
"HIV 1/2, Determine Complete HIV Kit, 100 Tests","HIV 1/2, Determine Complete HIV Kit, 100 Tests",,100,2884,1374,80,0.8,323.47
"Efavirenz 600mg, tablets, 30 Tabs","Efavirenz 600mg, tablets, 30 Tabs",600mg,30,47963,3789,4.3,0.14,340.3
"HIV 1/2, Uni-Gold HIV Kit, 20 Tests","HIV 1/2, Uni-Gold HIV Kit, 20 Tests",,20,34,See ASN-24721 (ID#:13708),32,1.6,1.12
"Efavirenz/Lamivudine/Tenofovir Disoproxil Fumarate 600/300/300mg, tablets, 30 Tabs","Efavirenz/Lamivudine/Tenofovir Disoproxil Fumarate 600/300/300mg, tablets, 30 Tabs",600/300/300mg,30,19200,2719,10.5,0.35,207.24
"Efavirenz 600mg, tablets, 30 Tabs","Efavirenz 600mg, tablets, 30 Tabs",600mg,30,118537,10373,4.51,0.15,1152.6
"HIV, Multispot HIV-1/HIV-2 Rapid Test Kit, 50 Tests","HIV, Multispot HIV-1/HIV-2 Rapid Test Kit, 50 Tests",,50,80,111,1242.53,24.85,102.19
"Efavirenz 50mg, capsule, 30 Caps","Efavirenz 50mg, capsule, 30 Caps",50mg,30,172,Weight Captured Separately,2.66,0.09,0.54
"Lamivudine/Zidovudine 150/300mg, tablets, 60 Tabs","Lamivudine/Zidovudine 150/300mg, tablets, 60 Tabs",150/300mg,60,39360,3421,7.15,0.12,394.56
"Lamivudine/Zidovudine 150/300mg, tablets, 60 Tabs","Lamivudine/Zidovudine 150/300mg, tablets, 60 Tabs",150/300mg,60,35000,See ASN-9408 (ID#:39263),8.35,0.14,630.09
"HIV 1/2, Stat-Pak HIV, Kit, 20 Tests","HIV 1/2, Stat-Pak HIV, Kit, 20 Tests",,20,6,2,29,1.45,0.24
"Zidovudine 300mg, tablets, 60 Tabs","Zidovudine 300mg, tablets, 60 Tabs",300mg,60,11,Weight Captured Separately,18.03,0.3,0.2
"Ritonavir 100mg [Norvir], film coated tablets, 60 Tabs","Ritonavir 100mg [Norvir], film coated tablets, 60 Tabs",100mg,60,616,87,6.85,0.11,5.22
"Raltegravir 400mg [Isentress], tablets, 60 Tabs","Raltegravir 400mg [Isentress], tablets, 60 Tabs",400mg,60,100,Weight Captured Separately,55.5,0.92,6.53
"Abacavir/Lamivudine/Zidovudine 300/150/300mg, tablets, 60 Tabs","Abacavir/Lamivudine/Zidovudine 300/150/300mg, tablets, 60 Tabs",300/150/300mg,60,4448,693,30,0.5,287.7
"Lamivudine/Zidovudine 150/300mg, tablets, 60 Tabs","Lamivudine/Zidovudine 150/300mg, tablets, 60 Tabs",150/300mg,60,19987,See ASN-31572 (ID#:24983),6.77,0.11,139.1
"Abacavir 20mg/ml, oral solution w/syringe, Bottle, 240 ml","Abacavir 20mg/ml, oral solution w/syringe, Bottle, 240 ml",20mg/ml,240,258,Weight Captured Separately,22.94,0.1,7.32
"Efavirenz 600mg, tablets, 30 Tabs","Efavirenz 600mg, tablets, 30 Tabs",600mg,30,983,93,3.24,0.11,3.94
"Ritonavir 100mg [Norvir], film coated tablets, 60 Tabs","Ritonavir 100mg [Norvir], film coated tablets, 60 Tabs",100mg,60,210,32,6.85,0.11,1.78
"Lamivudine 10mg/ml, oral solution, Bottle, 240 ml","Lamivudine 10mg/ml, oral solution, Bottle, 240 ml",10mg/ml,240,50000,Weight Captured Separately,2.06,0.01,169.95
"Lamivudine/Zidovudine 150/300mg, tablets, 60 Tabs","Lamivudine/Zidovudine 150/300mg, tablets, 60 Tabs",150/300mg,60,19740,See ASN-6264 (ID#:52856),8.61,0.14,333.12
"Lamivudine 10mg/ml, oral solution w/syringe, Bottle, 240 ml","Lamivudine 10mg/ml, oral solution w/syringe, Bottle, 240 ml",10mg/ml,240,12,Weight Captured Separately,8,0.03,0.12
"Lopinavir/Ritonavir 80/20mg/ml [Kaletra], oral solution, cool, Bottle 5 x 60 ml","Lopinavir/Ritonavir 80/20mg/ml [Kaletra], oral solution, cool, Bottle 5 x 60 ml",80/20mg/ml,300,3,Weight Captured Separately,23.45,0.08,0.09
"Darunavir 300mg [Prezista], tablets, 120 Tabs","Darunavir 300mg [Prezista], tablets, 120 Tabs",300mg,120,3,Weight Captured Separately,69.71,0.58,0.21
"HIV 1/2, Determine Complete HIV Kit, 100 Tests","HIV 1/2, Determine Complete HIV Kit, 100 Tests",,100,2891,1378,80,0.8,381.61
"Lamivudine 10mg/ml, oral solution, Bottle, 240 ml","Lamivudine 10mg/ml, oral solution, Bottle, 240 ml",10mg/ml,240,50000,18462,2.06,0.01,169.95
"HIV 1/2, Uni-Gold HIV Kit, 20 Tests","HIV 1/2, Uni-Gold HIV Kit, 20 Tests",,20,6704,2134,32,1.6,252.5
"Lopinavir/Ritonavir 80/20mg/ml [Kaletra], oral solution, cool, Bottle 5 x 60 ml","Lopinavir/Ritonavir 80/20mg/ml [Kaletra], oral solution, cool, Bottle 5 x 60 ml",80/20mg/ml,300,5362,5060,30.82,0.1,169.88
"Didanosine 250mg, delayed-release capsules, 30 Caps","Didanosine 250mg, delayed-release capsules, 30 Caps",250mg,30,180,See ASN-5131 (ID#:25886),13,0.43,4.59
"HIV 1/2, Uni-Gold HIV Kit, 20 Tests","HIV 1/2, Uni-Gold HIV Kit, 20 Tests",,20,89,See ASN-31750 (ID#:19272),32,1.6,3.35
"Zidovudine 300mg, tablets, 60 Tabs","Zidovudine 300mg, tablets, 60 Tabs",300mg,60,22,Weight Captured Separately,24.71,0.41,0.67
"Quinine sulphate 300mg, film coated tablet, 1000 Tabs","Quinine sulphate 300mg, film coated tablet, 1000 Tabs",300mg,1000,57,See ASN-30861 (ID#:41238),50.55,0.05,3.39
"HIV 1/2, Determine Complete HIV Kit, 100 Tests","HIV 1/2, Determine Complete HIV Kit, 100 Tests",,100,5000,2384,80,0.8,560.8
"HIV 1/2, Uni-Gold HIV Kit, 20 Tests","HIV 1/2, Uni-Gold HIV Kit, 20 Tests",,20,6705,Weight Captured Separately,32,1.6,252.54
"Nevirapine 200mg, tablets, 60 Tabs","Nevirapine 200mg, tablets, 60 Tabs",200mg,60,15000,See ASN-11362 (ID#:47253),2.54,0.04,62.86
"Raltegravir 400mg [Isentress], tablets, 60 Tabs","Raltegravir 400mg [Isentress], tablets, 60 Tabs",400mg,60,62,Weight Captured Separately,61.16,1.02,3.9
"HIV 1/2, Determine Complete HIV Kit, 100 Tests","HIV 1/2, Determine Complete HIV Kit, 100 Tests",,100,2769,2355,89,0.89,253.34
"Ritonavir 100mg [Norvir], capsules, cool, 4 x 84 Caps","Ritonavir 100mg [Norvir], capsules, cool, 4 x 84 Caps",100mg,336,300,546,38.36,0.11,22.56
"Zidovudine 300mg, tablets, 60 Tabs","Zidovudine 300mg, tablets, 60 Tabs",300mg,60,90171,4670,7.3,0.12,1086.11
"Lamivudine 150mg, tablets, 60 Tabs","Lamivudine 150mg, tablets, 60 Tabs",150mg,60,185748,9374,2.37,0.04,949.12
"Abacavir 300mg, tablets, 60 Tabs","Abacavir 300mg, tablets, 60 Tabs",300mg,60,429,See ASN-21667 (ID#:41892),12.25,0.2,6.5
"Atazanavir/Ritonavir 300/100mg, tablets, 30 Tabs","Atazanavir/Ritonavir 300/100mg, tablets, 30 Tabs",300/100mg,30,3320,Weight Captured Separately,18,0.6,61.43
"Zidovudine 10mg/ml, oral solution w/syringe, Bottle, 240 ml","Zidovudine 10mg/ml, oral solution w/syringe, Bottle, 240 ml",10mg/ml,240,1999,See ASN-18919 (ID#:14578),2.1,0.01,5.19
"Atazanavir/Ritonavir 300/100mg, tablets, 30 Tabs","Atazanavir/Ritonavir 300/100mg, tablets, 30 Tabs",300/100mg,30,1776,237,18,0.6,37.63
"Lamivudine/Nevirapine/Zidovudine 150/200/300mg, tablets, 60 Tabs","Lamivudine/Nevirapine/Zidovudine 150/200/300mg, tablets, 60 Tabs",150/300/200mg,60,36451,4611,8.15,0.14,367.48
"Lopinavir/Ritonavir 80/20mg/ml [Kaletra], oral solution, cool, Bottle 5 x 60 ml","Lopinavir/Ritonavir 80/20mg/ml [Kaletra], oral solution, cool, Bottle 5 x 60 ml",80/20mg/ml,300,2265,2272,30.82,0.1,71.76
"HIV 1/2, Determine Complete HIV Kit, 100 Tests","HIV 1/2, Determine Complete HIV Kit, 100 Tests",,100,128,See ASN-32231 (ID#:13648),80,0.8,12.05
"Lamivudine/Zidovudine 150/300mg, tablets, 60 Tabs","Lamivudine/Zidovudine 150/300mg, tablets, 60 Tabs",150/300mg,60,65760,See ASN-32682 (ID#:38510),6.61,0.11,511.61
"Efavirenz/Lamivudine/Tenofovir Disoproxil Fumarate 600/300/300mg, tablets, 30 Tabs","Efavirenz/Lamivudine/Tenofovir Disoproxil Fumarate 600/300/300mg, tablets, 30 Tabs",600/300/300mg,30,17760,Weight Captured Separately,9.5,0.32,198.58
"Didanosine 250mg, delayed-release capsules, 30 Caps","Didanosine 250mg, delayed-release capsules, 30 Caps",250mg,30,6,Weight Captured Separately,11.02,0.37,0.07
"Efavirenz 600mg, tablets, 30 Tabs","Efavirenz 600mg, tablets, 30 Tabs",600mg,30,29380,Weight Captured Separately,4.67,0.16,295.81
"HIV 1/2, Determine HIV Kit, without Lancets, 100 Tests","HIV 1/2, Determine HIV Kit, without Lancets, 100 Tests",,100,5408,1229,77.7,0.78,905.95
"Lamivudine 150mg, tablets, 60 Tabs","Lamivudine 150mg, tablets, 60 Tabs",150mg,60,19177,See ASN-9179 (ID#:28515),2.37,0.04,97.99
"Efavirenz 600mg, tablets, 30 Tabs","Efavirenz 600mg, tablets, 30 Tabs",600mg,30,49452,See ASN-13475 (ID#:15772),4.05,0.13,330.46
"HIV 1/2, Uni-Gold HIV Kit, 20 Tests","HIV 1/2, Uni-Gold HIV Kit, 20 Tests",,20,25,See ASN-31129 (ID#:40205),32,1.6,0.94
"Emtricitabine/Tenofovir Disoproxil Fumarate 200/300mg, tablets, 30 Tabs","Emtricitabine/Tenofovir Disoproxil Fumarate 200/300mg, tablets, 30 Tabs",200/300mg,30,8458,758,5.6,0.19,48.69
"HIV 1/2, Determine Complete HIV Kit, 100 Tests","HIV 1/2, Determine Complete HIV Kit, 100 Tests",,100,2499,1191,80,0.8,329.87
"Lopinavir/Ritonavir 200/50mg [Aluvia], tablets, 120 Tabs","Lopinavir/Ritonavir 200/50mg [Aluvia], tablets, 120 Tabs",200/50mg,120,480,126,36.16,0.3,34.02
"HIV 1/2, Determine Complete HIV Kit, 100 Tests","HIV 1/2, Determine Complete HIV Kit, 100 Tests",,100,3041,1235,89,0.89,334.79
"Atazanavir/Ritonavir 300/100mg, tablets, 30 Tabs","Atazanavir/Ritonavir 300/100mg, tablets, 30 Tabs",300/100mg,30,4500,608,20,0.67,111.33
"Abacavir 20mg/ml [Ziagen], oral solution, Bottle, 240 ml","Abacavir 20mg/ml [Ziagen], oral solution, Bottle, 240 ml",20mg/ml,240,20000,7664,9.28,0.04,306.24
"Zidovudine 300mg, tablets, 60 Tabs","Zidovudine 300mg, tablets, 60 Tabs",300mg,60,11,Weight Captured Separately,27.83,0.46,0.38
"Tenofovir Disoproxil Fumarate 300mg, tablets, 30 Tabs","Tenofovir Disoproxil Fumarate 300mg, tablets, 30 Tabs",300mg,30,51382,Weight Captured Separately,6.47,0.22,548.53
"HIV 1/2, Determine Complete HIV Kit, 100 Tests","HIV 1/2, Determine Complete HIV Kit, 100 Tests",,100,90,See ASN-31958 (ID#:15788),89,0.89,9.43
"Efavirenz 200mg, tablets, 30 Tabs","Efavirenz 200mg, tablets, 30 Tabs",200mg,30,61386,3262,1.5,0.05,113.9
"HIV 1/2, Determine Complete HIV Kit, 100 Tests","HIV 1/2, Determine Complete HIV Kit, 100 Tests",,100,2114,822,80,0.8,173.86
"Abacavir 300mg, tablets, 60 Tabs","Abacavir 300mg, tablets, 60 Tabs",300mg,60,537,Weight Captured Separately,26.11,0.44,17.35
"Indinavir 400mg [Crixivan], capsules, 180 Caps","Indinavir 400mg [Crixivan], capsules, 180 Caps",400mg,180,36,9,50,0.28,2.97
"HIV 1/2, Determine HIV Kit, without Lancets, 100 Tests","HIV 1/2, Determine HIV Kit, without Lancets, 100 Tests",,100,200,45,70,0.7,30.18
"Nevirapine 200mg, tablets, 60 Tabs","Nevirapine 200mg, tablets, 60 Tabs",200mg,60,19,Weight Captured Separately,12.82,0.21,0.25
"Efavirenz 600mg, tablets, 30 Tabs","Efavirenz 600mg, tablets, 30 Tabs",600mg,30,10000,See ASN-29386 (ID#:42295),3.5,0.12,35.98
"Nevirapine 200mg, tablets, 60 Tabs","Nevirapine 200mg, tablets, 60 Tabs",200mg,60,10725,See ASN-24412 (ID#:64757),2.2,0.04,29.19
"HIV 1/2, Determine Kit without Lancets, Buffer or Caplillary Tubes, 100 Tests","HIV 1/2, Determine Kit without Lancets, Buffer or Caplillary Tubes, 100 Tests",,100,100,18,72.15,0.72,11.9
"Zidovudine 300mg, tablets, 60 Tabs","Zidovudine 300mg, tablets, 60 Tabs",300mg,60,15,Weight Captured Separately,19.33,0.32,0.3
"Efavirenz 600mg, tablets, 30 Tabs","Efavirenz 600mg, tablets, 30 Tabs",600mg,30,2348,Weight Captured Separately,14.6,0.49,42.4
"HIV 1/2, Uni-Gold HIV Kit, 20 Tests","HIV 1/2, Uni-Gold HIV Kit, 20 Tests",,20,540,165,32,1.6,17.76
"HIV 1/2, Determine Complete HIV Kit, 100 Tests","HIV 1/2, Determine Complete HIV Kit, 100 Tests",,100,6618,1139,89,0.89,825.78
"Efavirenz 50mg, capsule, 30 Caps","Efavirenz 50mg, capsule, 30 Caps",50mg,30,2146,Weight Captured Separately,3.04,0.1,8.07
"HIV 1/2, Uni-Gold HIV Kit, 20 Tests","HIV 1/2, Uni-Gold HIV Kit, 20 Tests",,20,35,See ASN-22955 (ID#:19019),32,1.6,1.39
"Efavirenz 600mg, tablets, 30 Tabs","Efavirenz 600mg, tablets, 30 Tabs",600mg,30,78595,6681,4.51,0.15,584.86
"Efavirenz 600mg, tablets, 30 Tabs","Efavirenz 600mg, tablets, 30 Tabs",600mg,30,676,Weight Captured Separately,16.57,0.55,13.86
"HIV 1/2, Determine Complete HIV Kit, 100 Tests","HIV 1/2, Determine Complete HIV Kit, 100 Tests",,100,1265,657,80,0.8,141.88
"HIV 1/2, Determine Complete HIV Kit, 100 Tests","HIV 1/2, Determine Complete HIV Kit, 100 Tests",,100,2853,1360,89,0.89,418.96
"Didanosine 50mg [Videx], chewable tablets, 60 Tabs","Didanosine 50mg [Videx], chewable tablets, 60 Tabs",50mg,60,200,94,9.5,0.16,3.14
"HIV 1/2, SKB Colloidal Gold, Diagnostic Kit, Antibody, 50 Tests","HIV 1/2, SKB Colloidal Gold, Diagnostic Kit, Antibody, 50 Tests",,1,800,543,23,23,39.67
"Efavirenz/Lamivudine/Tenofovir Disoproxil Fumarate 600/300/300mg, tablets, 30 Tabs","Efavirenz/Lamivudine/Tenofovir Disoproxil Fumarate 600/300/300mg, tablets, 30 Tabs",600/300/300mg,30,39330,4426,13,0.43,716.83
"Efavirenz 30mg/ml [Stocrin/Sustiva], oral solution, Bottle, 180 ml","Efavirenz 30mg/ml [Stocrin/Sustiva], oral solution, Bottle, 180 ml",30mg/ml,180,270,76,16.96,0.09,7.56
"HIV 1/2, Determine Complete HIV Kit, 100 Tests","HIV 1/2, Determine Complete HIV Kit, 100 Tests",,100,11,Weight Captured Separately,125,1.25,1.7
"Lopinavir/Ritonavir 80/20mg/ml [Kaletra], oral solution, cool, Bottle 5 x 60 ml","Lopinavir/Ritonavir 80/20mg/ml [Kaletra], oral solution, cool, Bottle 5 x 60 ml",80/20mg/ml,300,2625,2583,30.82,0.1,95.22
"Stavudine 30mg, capsules, 60 Caps","Stavudine 30mg, capsules, 60 Caps",30mg,60,8904,429,1.4,0.02,26.88
"Efavirenz 50mg, capsule, 30 Caps","Efavirenz 50mg, capsule, 30 Caps",50mg,30,1261,Weight Captured Separately,4.02,0.13,9.92
"Nevirapine 200mg, tablets, 60 Tabs","Nevirapine 200mg, tablets, 60 Tabs",200mg,60,158000,16768,2.79,0.05,950.41
"HIV 1/2, Determine Complete HIV Kit, 100 Tests","HIV 1/2, Determine Complete HIV Kit, 100 Tests",,100,1,1476,89,0.89,0.12
"Lamivudine/Zidovudine 150/300mg, tablets, 60 Tabs","Lamivudine/Zidovudine 150/300mg, tablets, 60 Tabs",150/300mg,60,11755,1083,8.2,0.14,159.05
"Efavirenz 600mg, tablets, 30 Tabs","Efavirenz 600mg, tablets, 30 Tabs",600mg,30,1396,Weight Captured Separately,4.33,0.14,13.03
"Tenofovir Disoproxil Fumarate 300mg [Viread], tablets, 30 Tabs","Tenofovir Disoproxil Fumarate 300mg [Viread], tablets, 30 Tabs",300mg,30,163,Weight Captured Separately,25.74,0.86,8.22
"HIV 1/2, Determine Complete HIV Kit, 100 Tests","HIV 1/2, Determine Complete HIV Kit, 100 Tests",,100,86,40,80,0.8,11.35
"Efavirenz 200mg, capsule, 90 Caps","Efavirenz 200mg, capsule, 90 Caps",200mg,90,3,Weight Captured Separately,17.04,0.19,0.05
"Abacavir 300mg, tablets, 60 Tabs","Abacavir 300mg, tablets, 60 Tabs",300mg,60,408,42,14.49,0.24,9.75
"Lamivudine/Nevirapine/Stavudine 150/200/30mg, tablets, 60 Tabs","Lamivudine/Nevirapine/Stavudine 150/200/30mg, tablets, 60 Tabs",150/200/30mg,60,30080,2933,5.69,0.09,369.01
"Atazanavir 150mg [Reyataz], capsules, 60 Caps","Atazanavir 150mg [Reyataz], capsules, 60 Caps",150mg,60,3,Weight Captured Separately,19.38,0.32,0.06
"HIV 1/2, Stat-Pak HIV, Kit, 20 Tests","HIV 1/2, Stat-Pak HIV, Kit, 20 Tests",,20,3401,972,29,1.45,138.28
"HIV 1/2, Determine Complete HIV Kit, 100 Tests","HIV 1/2, Determine Complete HIV Kit, 100 Tests",,100,115,53,89,0.89,16.89
"Atazanavir 150mg [Reyataz], capsules, 60 Caps","Atazanavir 150mg [Reyataz], capsules, 60 Caps",150mg,60,2,Weight Captured Separately,25.68,0.43,0.06
"Lamivudine 150mg [Epivir], tablets, 60 Tabs","Lamivudine 150mg [Epivir], tablets, 60 Tabs",150mg,60,19284,Weight Captured Separately,7.5,0.12,178.89
"HIV 1/2, Stat-Pak HIV, Kit, 20 Tests","HIV 1/2, Stat-Pak HIV, Kit, 20 Tests",,20,3678,1056,29,1.45,149.54
"HIV 1/2, Determine Complete HIV Kit, 100 Tests","HIV 1/2, Determine Complete HIV Kit, 100 Tests",,100,2070,988,80,0.8,232.17
"Lamivudine 150mg [Epivir], tablets, 60 Tabs","Lamivudine 150mg [Epivir], tablets, 60 Tabs",150mg,60,115,Weight Captured Separately,10.87,0.18,1.28
"Artemether/Lumefantrine 20/120mg [Coartem], scored tablets, Blister 30 x 18 Tabs","Artemether/Lumefantrine 20/120mg [Coartem], scored tablets, Blister 30 x 18 Tabs",20/120mg,540,30,1295,40.25,0.07,2.37
"Stavudine 1mg/ml [Zerit], powder for oral solution, Bottle, 200 ml","Stavudine 1mg/ml [Zerit], powder for oral solution, Bottle, 200 ml",1mg/ml,200,90,Weight Captured Separately,1.5,0.01,0.19
"Lopinavir/Ritonavir 100/25mg [Aluvia], tablets, 60 Tabs","Lopinavir/Ritonavir 100/25mg [Aluvia], tablets, 60 Tabs",100/25mg,60,80,8,5.94,0.1,0.59
"Lamivudine/Zidovudine 150/300mg, tablets, 60 Tabs","Lamivudine/Zidovudine 150/300mg, tablets, 60 Tabs",150/300mg,60,19930,See ASN-11023 (ID#:37963),8.25,0.14,271.3
"HIV 1/2, Determine Complete HIV Kit, 100 Tests","HIV 1/2, Determine Complete HIV Kit, 100 Tests",,100,2898,1409,72,0.72,408.97
"Efavirenz/Lamivudine/Tenofovir Disoproxil Fumarate 600/300/300mg, tablets, 30 Tabs","Efavirenz/Lamivudine/Tenofovir Disoproxil Fumarate 600/300/300mg, tablets, 30 Tabs",600/300/300mg,30,46802,5281,11.49,0.38,665.2
"Didanosine 250mg, delayed-release capsules, 30 Caps","Didanosine 250mg, delayed-release capsules, 30 Caps",250mg,30,6,Weight Captured Separately,11.84,0.39,0.07
"Ritonavir 100mg [Norvir], capsules, cool, 4 x 84 Caps","Ritonavir 100mg [Norvir], capsules, cool, 4 x 84 Caps",100mg,336,335,146,38.36,0.11,27.71
"Etravirine 100mg [Intelence], tablets, 120 Tabs","Etravirine 100mg [Intelence], tablets, 120 Tabs",100mg,120,41,Weight Captured Separately,25.59,0.21,1.08
"Atazanavir 150mg [Reyataz], capsules, 60 Caps","Atazanavir 150mg [Reyataz], capsules, 60 Caps",150mg,60,132,11,33.85,0.56,4.59
"Darunavir 300mg [Prezista], tablets, 120 Tabs","Darunavir 300mg [Prezista], tablets, 120 Tabs",300mg,120,36,Weight Captured Separately,47.13,0.39,1.74
"HIV 1/2, Uni-Gold HIV Kit, 20 Tests","HIV 1/2, Uni-Gold HIV Kit, 20 Tests",,20,728,238,32,1.6,32.66
"Nevirapine 200mg, tablets, 60 Tabs","Nevirapine 200mg, tablets, 60 Tabs",200mg,60,5360,583,2.72,0.05,24.06
"Lamivudine/Nevirapine/Stavudine 150/200/30mg, tablets, 60 Tabs","Lamivudine/Nevirapine/Stavudine 150/200/30mg, tablets, 60 Tabs",150/200/30mg,60,49920,4799,5.69,0.09,612.4
"HIV 1/2, INSTI HIV Antibody Individual POC, 1 Test","HIV 1/2, INSTI HIV Antibody Individual POC, 1 Test",,1,11626,613,2.5,2.5,40.75
"Raltegravir 400mg [Isentress], tablets, 60 Tabs","Raltegravir 400mg [Isentress], tablets, 60 Tabs",400mg,60,54,Weight Captured Separately,55.5,0.92,3.71
"Stavudine 30mg, capsules, 60 Caps","Stavudine 30mg, capsules, 60 Caps",30mg,60,3024,202,1.45,0.02,8.59
"HIV 1/2, Stat-Pak HIV, Kit, 20 Tests","HIV 1/2, Stat-Pak HIV, Kit, 20 Tests",,20,3337,1252,32,1.6,132.09
"Lopinavir/Ritonavir 80/20mg/ml [Kaletra], oral solution, cool, Bottle 5 x 60 ml","Lopinavir/Ritonavir 80/20mg/ml [Kaletra], oral solution, cool, Bottle 5 x 60 ml",80/20mg/ml,300,4,Weight Captured Separately,23.45,0.08,0.12
"HIV 1/2, Uni-Gold HIV Kit, 20 Tests","HIV 1/2, Uni-Gold HIV Kit, 20 Tests",,20,5,See ASN-24721 (ID#:13708),32,1.6,0.16
"Lamivudine/Nevirapine/Zidovudine 150/200/300mg, tablets, 60 Tabs","Lamivudine/Nevirapine/Zidovudine 150/200/300mg, tablets, 60 Tabs",150/300/200mg,60,25097,3167,8.2,0.14,211.56
"HIV 1/2, Uni-Gold HIV Kit, 20 Tests","HIV 1/2, Uni-Gold HIV Kit, 20 Tests",,20,214,See ASN-28279 (ID#:13547),32,1.6,7.04
"HIV 1/2, Uni-Gold HIV Kit, 20 Tests","HIV 1/2, Uni-Gold HIV Kit, 20 Tests",,20,5000,1647,32,1.6,264
"Abacavir 300mg, tablets, 60 Tabs","Abacavir 300mg, tablets, 60 Tabs",300mg,60,99,Weight Captured Separately,68.99,1.15,7.02
"Nevirapine 200mg, tablets, 60 Tabs","Nevirapine 200mg, tablets, 60 Tabs",200mg,60,76,Weight Captured Separately,19.58,0.33,1.84
"Efavirenz 600mg, tablets, 30 Tabs","Efavirenz 600mg, tablets, 30 Tabs",600mg,30,14119,See ASN-17077 (ID#:37031),3.3,0.11,65.32
"Lopinavir/Ritonavir 200/50mg [Aluvia], tablets, 120 Tabs","Lopinavir/Ritonavir 200/50mg [Aluvia], tablets, 120 Tabs",200/50mg,120,12560,3080,36.16,0.3,890.17
"Lamivudine/Tenofovir Disoproxil Fumarate 300/300mg, tablets, 30 Tabs","Lamivudine/Tenofovir Disoproxil Fumarate 300/300mg, tablets, 30 Tabs",300/300mg,30,39960,4123,4.84,0.16,239.24
"HIV 1/2, Uni-Gold HIV Kit, 20 Tests","HIV 1/2, Uni-Gold HIV Kit, 20 Tests",,20,25,See ASN-31765 (ID#:41640),32,1.6,0.94
"Nevirapine 200mg, tablets, 60 Tabs","Nevirapine 200mg, tablets, 60 Tabs",200mg,60,38939,3962,2.25,0.04,90.07
"Efavirenz 200mg, capsule, 90 Caps","Efavirenz 200mg, capsule, 90 Caps",200mg,90,6,Weight Captured Separately,47.18,0.52,0.29
"HIV 1/2, Uni-Gold HIV Kit, 20 Tests","HIV 1/2, Uni-Gold HIV Kit, 20 Tests",,20,500,166,32,1.6,19.79
"Efavirenz 50mg, capsule, 30 Caps","Efavirenz 50mg, capsule, 30 Caps",50mg,30,11912,802,1.56,0.05,22.99
"Efavirenz 600mg, tablets, 30 Tabs","Efavirenz 600mg, tablets, 30 Tabs",600mg,30,11517,1006,3.24,0.11,46.16
"Atazanavir/Ritonavir 300/100mg, tablets, 30 Tabs","Atazanavir/Ritonavir 300/100mg, tablets, 30 Tabs",300/100mg,30,18000,2402,20,0.67,370.08
"Efavirenz/Lamivudine/Tenofovir Disoproxil Fumarate 600/300/300mg, tablets, 30 Tabs","Efavirenz/Lamivudine/Tenofovir Disoproxil Fumarate 600/300/300mg, tablets, 30 Tabs",600/300/300mg,30,65025,See ASN-31820 (ID#:16098),10.24,0.34,684.5
"Lamivudine 150mg, tablets, 60 Tabs","Lamivudine 150mg, tablets, 60 Tabs",150mg,60,8738,420,2.35,0.04,44.27
"Malaria Antigen P.f , HRP2, Kit, 25 Tests","Malaria Antigen P.f , HRP2, Kit, 25 Tests",,25,4,2,11.25,0.45,0.06
"HIV 1/2, Uni-Gold HIV Kit, 20 Tests","HIV 1/2, Uni-Gold HIV Kit, 20 Tests",,20,750,253,32,1.6,51.74
"Efavirenz 600mg, tablets, 30 Tabs","Efavirenz 600mg, tablets, 30 Tabs",600mg,30,60757,5215,3.3,0.11,281.1
"Efavirenz 50mg, capsule, 30 Caps","Efavirenz 50mg, capsule, 30 Caps",50mg,30,2688,154,1.56,0.05,5.19
"Darunavir 300mg [Prezista], tablets, 120 Tabs","Darunavir 300mg [Prezista], tablets, 120 Tabs",300mg,120,252,See ASN-14880 (ID#:25423),66.6,0.55,23.53
"HIV 1/2, Uni-Gold HIV Kit, 20 Tests","HIV 1/2, Uni-Gold HIV Kit, 20 Tests",,20,168,55,32,1.6,5.53
"Lopinavir/Ritonavir 100/25mg [Aluvia], tablets, 60 Tabs","Lopinavir/Ritonavir 100/25mg [Aluvia], tablets, 60 Tabs",100/25mg,60,934,110,5.94,0.1,5.7
"HIV 1/2, Determine Complete HIV Kit, 100 Tests","HIV 1/2, Determine Complete HIV Kit, 100 Tests",,100,21,Weight Captured Separately,125,1.25,3.68
"HIV 1/2, Determine Complete HIV Kit, 100 Tests","HIV 1/2, Determine Complete HIV Kit, 100 Tests",,100,2891,1378,89,0.89,424.54
"Lamivudine/Zidovudine 30/60mg, dispersible tablets, 60 Tabs","Lamivudine/Zidovudine 30/60mg, dispersible tablets, 60 Tabs",30/60mg,60,635,59,1.9,0.03,1.24
"Zidovudine 300mg, tablets, 60 Tabs","Zidovudine 300mg, tablets, 60 Tabs",300mg,60,336,19,7.25,0.12,5.25
"Lopinavir/Ritonavir 200/50mg, tablets, 120 Tabs","Lopinavir/Ritonavir 200/50mg, tablets, 120 Tabs",200/50mg,120,3393,915,21.8,0.18,76.04
"Atazanavir/Ritonavir 300/100mg, tablets, 30 Tabs","Atazanavir/Ritonavir 300/100mg, tablets, 30 Tabs",300/100mg,30,1800,225,25,0.83,63.09
"Lamivudine 10mg/ml, oral solution w/syringe, Bottle, 240 ml","Lamivudine 10mg/ml, oral solution w/syringe, Bottle, 240 ml",10mg/ml,240,12,Weight Captured Separately,7.89,0.03,0.12
"HIV 1/2, Bioline 3.0 Kit, Lancets, Capillary pipets, Alcohol swabs included, 25 Tests","HIV 1/2, Bioline 3.0 Kit, Lancets, Capillary pipets, Alcohol swabs included, 25 Tests",,25,10000,3334,20,0.8,330
"Lamivudine/Tenofovir Disoproxil Fumarate 300/300mg, tablets, 30 Tabs","Lamivudine/Tenofovir Disoproxil Fumarate 300/300mg, tablets, 30 Tabs",300/300mg,30,33439,3232,4.65,0.16,159.85
"Ritonavir 100mg [Norvir], capsules, cool, 2 x 84 Caps","Ritonavir 100mg [Norvir], capsules, cool, 2 x 84 Caps",100mg,168,2,Weight Captured Separately,144,0.86,0.62
"Zidovudine 300mg, tablets, 60 Tabs","Zidovudine 300mg, tablets, 60 Tabs",300mg,60,19,Weight Captured Separately,27.83,0.46,0.65
"Efavirenz/Lamivudine/Tenofovir Disoproxil Fumarate 600/300/300mg, tablets, 30 Tabs","Efavirenz/Lamivudine/Tenofovir Disoproxil Fumarate 600/300/300mg, tablets, 30 Tabs",600/300/300mg,30,82471,11615,10.5,0.35,1071.17
"Capillary Tubes, for Determine, EDTA, 50uL,100 Pcs","Capillary Tubes, for Determine, EDTA, 50uL,100 Pcs",,100,15,See ASN-31335 (ID#:42778),8,0.08,0.14
"HIV 1/2, Determine Complete HIV Kit, 100 Tests","HIV 1/2, Determine Complete HIV Kit, 100 Tests",,100,8500,1462,80,0.8,1466.08
"HIV 1/2, Uni-Gold HIV Kit, 20 Tests","HIV 1/2, Uni-Gold HIV Kit, 20 Tests",,20,18,See ASN-27241 (ID#:23488),32,1.6,0.59
"Lamivudine/Zidovudine 30/60mg, tablets, 60 Tabs","Lamivudine/Zidovudine 30/60mg, tablets, 60 Tabs",30/60mg,60,3192,157,2.1,0.04,8.29
"HIV 1/2, Uni-Gold HIV Kit, 20 Tests","HIV 1/2, Uni-Gold HIV Kit, 20 Tests",,20,469,170,32,1.6,18.56
"HIV 1/2, Determine Complete HIV Kit, 100 Tests","HIV 1/2, Determine Complete HIV Kit, 100 Tests",,100,3300,1593,72,0.72,465.7
"Zidovudine 300mg, tablets, 60 Tabs","Zidovudine 300mg, tablets, 60 Tabs",300mg,60,13,Weight Captured Separately,24.95,0.42,0.33
"Didanosine 250mg, delayed-release capsules, 30 Caps","Didanosine 250mg, delayed-release capsules, 30 Caps",250mg,30,1000,68,13,0.43,28.03
"Stavudine 30mg, capsules, 60 Caps","Stavudine 30mg, capsules, 60 Caps",30mg,60,13020,861,1.45,0.02,37
"Lamivudine/Tenofovir Disoproxil Fumarate 300/300mg, tablets, 30 Tabs","Lamivudine/Tenofovir Disoproxil Fumarate 300/300mg, tablets, 30 Tabs",300/300mg,30,20700,1795,10.95,0.36,444.26
"Lamivudine/Nevirapine/Zidovudine 150/200/300mg, tablets, 60 Tabs","Lamivudine/Nevirapine/Zidovudine 150/200/300mg, tablets, 60 Tabs",150/300/200mg,60,33792,4610,8.11,0.14,281.73
"Lamivudine/Nevirapine/Stavudine 150/200/30mg, tablets, 60 Tabs","Lamivudine/Nevirapine/Stavudine 150/200/30mg, tablets, 60 Tabs",150/200/30mg,60,37075,See ASN-11955 (ID#:61190),4.8,0.08,293.63
"HIV 1/2, Determine Complete HIV Kit, 100 Tests","HIV 1/2, Determine Complete HIV Kit, 100 Tests",,100,6322,2564,80,0.8,519.92
"Lopinavir/Ritonavir 80/20mg/ml [Kaletra], oral solution, cool, Bottle 5 x 60 ml","Lopinavir/Ritonavir 80/20mg/ml [Kaletra], oral solution, cool, Bottle 5 x 60 ml",80/20mg/ml,300,237,244,30.82,0.1,9.04
"HIV 1/2, Determine Kit without Lancets, Buffer or Caplillary Tubes, 100 Tests","HIV 1/2, Determine Kit without Lancets, Buffer or Caplillary Tubes, 100 Tests",,100,18,See ASN-30261 (ID#:19627),72.15,0.72,1.53
"HIV 1/2, Determine Complete HIV Kit, 100 Tests","HIV 1/2, Determine Complete HIV Kit, 100 Tests",,100,4004,1907,80,0.8,449.09
"Zidovudine 300mg, tablets, 60 Tabs","Zidovudine 300mg, tablets, 60 Tabs",300mg,60,75048,4023,7.43,0.12,1202.2
"HIV 1/2, Uni-Gold HIV Kit, 20 Tests","HIV 1/2, Uni-Gold HIV Kit, 20 Tests",,20,450,See ASN-22955 (ID#:19019),32,1.6,17.81
"HIV 1/2, Determine Complete HIV Kit, 100 Tests","HIV 1/2, Determine Complete HIV Kit, 100 Tests",,100,2863,1298,80,0.8,283.32
"Efavirenz/Lamivudine/Tenofovir Disoproxil Fumarate 600/300/300mg, tablets, 30 Tabs","Efavirenz/Lamivudine/Tenofovir Disoproxil Fumarate 600/300/300mg, tablets, 30 Tabs",600/300/300mg,30,48150,See ASN-20026 (ID#:64635),10.5,0.35,625.4
"HIV 1/2, Determine Complete HIV Kit, 100 Tests","HIV 1/2, Determine Complete HIV Kit, 100 Tests",,100,200,See ASN-31338 (ID#:38992),89,0.89,20.95
"Lopinavir/Ritonavir 100/25mg [Aluvia], tablets, 60 Tabs","Lopinavir/Ritonavir 100/25mg [Aluvia], tablets, 60 Tabs",100/25mg,60,3,Weight Captured Separately,6.44,0.11,0.02
"HIV 1/2, Determine HIV Kit, without Lancets, 100 Tests","HIV 1/2, Determine HIV Kit, without Lancets, 100 Tests",,100,2530,575,77.7,0.78,324.36
"HIV 1/2, Determine Complete HIV Kit, 100 Tests","HIV 1/2, Determine Complete HIV Kit, 100 Tests",,100,6152,1059,89,0.89,767.63
"Lamivudine 150mg, tablets, 60 Tabs","Lamivudine 150mg, tablets, 60 Tabs",150mg,60,6493,301,1.77,0.03,14.22
"Didanosine 400mg, delayed-release capsules, 30 Caps","Didanosine 400mg, delayed-release capsules, 30 Caps",400mg,30,4,Weight Captured Separately,19.68,0.66,0.08
"Abacavir 300mg, tablets, 60 Tabs","Abacavir 300mg, tablets, 60 Tabs",300mg,60,336,See ASN-11024 (ID#:15149),15,0.25,8.32
"Didanosine EC 250mg [Videx EC], delayed-release capsules, Blister 3 x 10 Caps","Didanosine EC 250mg [Videx EC], delayed-release capsules, Blister 3 x 10 Caps",250mg,30,7000,See ASN-4489 (ID#:43989),18.34,0.61,251.62
"Lamivudine 150mg, tablets, 60 Tabs","Lamivudine 150mg, tablets, 60 Tabs",150mg,60,17600,See ASN-32265 (ID#:56716),1.8,0.03,37.29
"#108853** HIV, Genie II HIV-1/HIV-2 Kit, 40 Tests","#108853** HIV, Genie II HIV-1/HIV-2 Kit, 40 Tests",,40,2400,2635,110,2.75,569.18
"HIV 1/2, SKB Colloidal Gold, Diagnostic Kit, Antibody, 50 Tests","HIV 1/2, SKB Colloidal Gold, Diagnostic Kit, Antibody, 50 Tests",,1,20481,13656,24.5,24.5,620.71
"Lamivudine/Zidovudine 150/300mg, tablets, 60 Tabs","Lamivudine/Zidovudine 150/300mg, tablets, 60 Tabs",150/300mg,60,52080,See ASN-18919 (ID#:14578),6.85,0.11,441.3
"HIV 1/2, Uni-Gold HIV Kit, 20 Tests","HIV 1/2, Uni-Gold HIV Kit, 20 Tests",,20,185,64,32,1.6,7.32
"Efavirenz 600mg, tablets, 30 Tabs","Efavirenz 600mg, tablets, 30 Tabs",600mg,30,96721,Weight Captured Separately,4.53,0.15,944.64
"HIV 1/2, Determine Complete HIV Kit, 100 Tests","HIV 1/2, Determine Complete HIV Kit, 100 Tests",,100,130,60,89,0.89,24.94
"Lamivudine 10mg/ml, oral solution, Bottle, 240 ml","Lamivudine 10mg/ml, oral solution, Bottle, 240 ml",10mg/ml,240,17,Weight Captured Separately,5.41,0.02,0.09
"Efavirenz 600mg, tablets, 30 Tabs","Efavirenz 600mg, tablets, 30 Tabs",600mg,30,3260,Weight Captured Separately,2.98,0.1,9.99
"Lamivudine/Nevirapine/Zidovudine 150/200/300mg, tablets, 60 Tabs","Lamivudine/Nevirapine/Zidovudine 150/200/300mg, tablets, 60 Tabs",150/300/200mg,60,42000,5941,10.99,0.18,761.61
"HIV 1/2, Uni-Gold HIV Kit, 20 Tests","HIV 1/2, Uni-Gold HIV Kit, 20 Tests",,20,500,146,32,1.6,16.45
"Nevirapine 10mg/ml [Viramune], oral suspension, Bottle, 240 ml","Nevirapine 10mg/ml [Viramune], oral suspension, Bottle, 240 ml",10mg/ml,240,60,Weight Captured Separately,15.46,0.06,2
"Lamivudine/Zidovudine 30/60mg, tablets, 60 Tabs","Lamivudine/Zidovudine 30/60mg, tablets, 60 Tabs",30/60mg,60,1966,91,2.25,0.04,6.2
"Raltegravir 400mg [Isentress], tablets, 60 Tabs","Raltegravir 400mg [Isentress], tablets, 60 Tabs",400mg,60,48,Weight Captured Separately,84.64,1.41,4.18
"HIV 1/2, Uni-Gold HIV Kit, 20 Tests","HIV 1/2, Uni-Gold HIV Kit, 20 Tests",,20,6355,290,32,1.6,251.56
"Zidovudine 300mg, tablets, 60 Tabs","Zidovudine 300mg, tablets, 60 Tabs",300mg,60,7,Weight Captured Separately,27.11,0.45,0.23
"HIV 1/2, Determine HIV Kit, without Lancets, 100 Tests","HIV 1/2, Determine HIV Kit, without Lancets, 100 Tests",,100,500,115,70,0.7,75.46
"Lopinavir/Ritonavir 200/50mg [Aluvia], tablets, 120 Tabs","Lopinavir/Ritonavir 200/50mg [Aluvia], tablets, 120 Tabs",200/50mg,120,122,Weight Captured Separately,25.76,0.21,3.89
"Lopinavir/Ritonavir 200/50mg [Aluvia], tablets, 120 Tabs","Lopinavir/Ritonavir 200/50mg [Aluvia], tablets, 120 Tabs",200/50mg,120,110,33,36.16,0.3,7.8
"HIV 1/2, Determine Complete HIV Kit, 100 Tests","HIV 1/2, Determine Complete HIV Kit, 100 Tests",,100,530,Weight Captured Separately,80,0.8,49.9
"Lamivudine 150mg [Epivir], tablets, 60 Tabs","Lamivudine 150mg [Epivir], tablets, 60 Tabs",150mg,60,1281,Weight Captured Separately,11.5,0.19,18.22
"Lopinavir/Ritonavir 200/50mg [Aluvia], tablets, 120 Tabs","Lopinavir/Ritonavir 200/50mg [Aluvia], tablets, 120 Tabs",200/50mg,120,760,188,82.2,0.68,122.45
"HIV 1/2, Determine Complete HIV Kit, 100 Tests","HIV 1/2, Determine Complete HIV Kit, 100 Tests",,100,2890,1377,89,0.89,424.4
"Lopinavir/Ritonavir 100/25mg [Aluvia], tablets, 60 Tabs","Lopinavir/Ritonavir 100/25mg [Aluvia], tablets, 60 Tabs",100/25mg,60,45,13,9.04,0.15,0.8
"HIV 1/2, Uni-Gold HIV Kit, 20 Tests","HIV 1/2, Uni-Gold HIV Kit, 20 Tests",,20,50,17,32,1.6,2.64
"Emtricitabine/Tenofovir Disoproxil Fumarate 200/300mg, tablets, 30 Tabs","Emtricitabine/Tenofovir Disoproxil Fumarate 200/300mg, tablets, 30 Tabs",200/300mg,30,8,Weight Captured Separately,30.21,1.01,0.25
"HIV 1/2, Determine Complete HIV Kit, 100 Tests","HIV 1/2, Determine Complete HIV Kit, 100 Tests",,100,2072,989,80,0.8,232.4
"Tenofovir Disoproxil Fumarate 300mg, tablets, 30 Tabs","Tenofovir Disoproxil Fumarate 300mg, tablets, 30 Tabs",300mg,30,77473,7228,6.65,0.22,850.07
"Zidovudine 10mg/ml [Retrovir], oral solution, Bottle, 200 ml","Zidovudine 10mg/ml [Retrovir], oral solution, Bottle, 200 ml",10mg/ml,200,100,Weight Captured Separately,6.99,0.03,1.51
"Nevirapine 50mg, dispersible tablets (tablets for oral suspension), 30 Tabs","Nevirapine 50mg, dispersible tablets (tablets for oral suspension), 30 Tabs",50mg,30,4416,Weight Captured Separately,1.25,0.04,6.5
"HIV 1/2, Stat-Pak HIV, Kit, 20 Tests","HIV 1/2, Stat-Pak HIV, Kit, 20 Tests",,20,1593,624,29,1.45,64.77
"Lamivudine/Nevirapine/Zidovudine 150/200/300mg, tablets, 60 Tabs","Lamivudine/Nevirapine/Zidovudine 150/200/300mg, tablets, 60 Tabs",150/300/200mg,60,10000,1463,8.1,0.13,83.27
"Tenofovir Disoproxil Fumarate 300mg, tablets, 30 Tabs","Tenofovir Disoproxil Fumarate 300mg, tablets, 30 Tabs",300mg,30,58143,5427,6.65,0.22,833.62
"HIV 1/2, Uni-Gold HIV Kit, 20 Tests","HIV 1/2, Uni-Gold HIV Kit, 20 Tests",,20,1270,429,32,1.6,67.06
"Abacavir 300mg, tablets, 60 Tabs","Abacavir 300mg, tablets, 60 Tabs",300mg,60,50,Weight Captured Separately,49.85,0.83,2.56
"HIV 1/2, Uni-Gold HIV Kit, 20 Tests","HIV 1/2, Uni-Gold HIV Kit, 20 Tests",,20,1460,613,32,1.6,65.5
"Lamivudine/Zidovudine 150/300mg, tablets, 60 Tabs","Lamivudine/Zidovudine 150/300mg, tablets, 60 Tabs",150/300mg,60,7,Weight Captured Separately,31.19,0.52,0.22
"Raltegravir 400mg [Isentress], tablets, 60 Tabs","Raltegravir 400mg [Isentress], tablets, 60 Tabs",400mg,60,6,Weight Captured Separately,79.99,1.33,0.49
"HIV 1/2, Determine Complete HIV Kit, 100 Tests","HIV 1/2, Determine Complete HIV Kit, 100 Tests",,100,4000,1624,100,1,411.2
"HIV 1/2, Determine Complete HIV Kit, 100 Tests","HIV 1/2, Determine Complete HIV Kit, 100 Tests",,100,30,14,80,0.8,3.96
"HIV 1/2, Determine Complete HIV Kit, 100 Tests","HIV 1/2, Determine Complete HIV Kit, 100 Tests",,100,90,See ASN-32109 (ID#:25915),89,0.89,9.43
"Lopinavir/Ritonavir 80/20mg/ml [Kaletra], oral solution, cool, Bottle 5 x 60 ml","Lopinavir/Ritonavir 80/20mg/ml [Kaletra], oral solution, cool, Bottle 5 x 60 ml",80/20mg/ml,300,2,Weight Captured Separately,25,0.08,0.06
"Zidovudine 300mg, tablets, 60 Tabs","Zidovudine 300mg, tablets, 60 Tabs",300mg,60,33207,1720,7.3,0.12,399.98
"HIV 1/2, Stat-Pak HIV, Kit, 20 Tests","HIV 1/2, Stat-Pak HIV, Kit, 20 Tests",,20,1230,357,31,1.55,44.88
"Lopinavir/Ritonavir 80/20mg/ml [Kaletra], oral solution, cool, Bottle 5 x 60 ml","Lopinavir/Ritonavir 80/20mg/ml [Kaletra], oral solution, cool, Bottle 5 x 60 ml",80/20mg/ml,300,435,470,30.82,0.1,16.58
"Efavirenz 600mg, tablets, 30 Tabs","Efavirenz 600mg, tablets, 30 Tabs",600mg,30,1000,Weight Captured Separately,16.45,0.55,32.25
"Efavirenz 600mg, tablets, 30 Tabs","Efavirenz 600mg, tablets, 30 Tabs",600mg,30,31579,2585,4.3,0.14,292.76
"Efavirenz 50mg, capsule, 30 Caps","Efavirenz 50mg, capsule, 30 Caps",50mg,30,196,12,2.24,0.07,0.54
"HIV 1/2, Stat-Pak HIV, Kit, 20 Tests","HIV 1/2, Stat-Pak HIV, Kit, 20 Tests",,20,340,Weight Captured Separately,29,1.45,13.82
"Nevirapine 10mg/ml, oral suspension w/syringe, Bottle, 240 ml","Nevirapine 10mg/ml, oral suspension w/syringe, Bottle, 240 ml",10mg/ml,240,10000,3869,3.15,0.01,67.91
"Lopinavir/Ritonavir 200/50mg, tablets, 120 Tabs","Lopinavir/Ritonavir 200/50mg, tablets, 120 Tabs",200/50mg,120,4240,1048,37.36,0.31,310.48
"HIV 1/2, Determine Complete HIV Kit, 100 Tests","HIV 1/2, Determine Complete HIV Kit, 100 Tests",,100,22,11,89,0.89,3.23
"Lamivudine/Nevirapine/Zidovudine 150/200/300mg, tablets, 60 Tabs","Lamivudine/Nevirapine/Zidovudine 150/200/300mg, tablets, 60 Tabs",150/300/200mg,60,20970,2447,10.6,0.18,366.77
"Lamivudine 150mg, tablets, 60 Tabs","Lamivudine 150mg, tablets, 60 Tabs",150mg,60,10350,582,2.59,0.04,52.54
"Nevirapine 200mg, tablets, 60 Tabs","Nevirapine 200mg, tablets, 60 Tabs",200mg,60,34165,3503,2.25,0.04,79.02
"HIV 1/2, Stat-Pak Dipstick Assay Kit, 30 Tests","HIV 1/2, Stat-Pak Dipstick Assay Kit, 30 Tests",,30,514,55,27.6,0.92,17.55
"Atazanavir/Ritonavir 300/100mg, tablets, 30 Tabs","Atazanavir/Ritonavir 300/100mg, tablets, 30 Tabs",300/100mg,30,2100,293,20,0.67,51.95
"Efavirenz/Lamivudine/Tenofovir Disoproxil Fumarate 600/300/300mg, tablets, 30 Tabs","Efavirenz/Lamivudine/Tenofovir Disoproxil Fumarate 600/300/300mg, tablets, 30 Tabs",600/300/300mg,30,7248,See ASN-26923 (ID#:13027),10.5,0.35,78.23
"Efavirenz 200mg, capsule, 90 Caps","Efavirenz 200mg, capsule, 90 Caps",200mg,90,57,Weight Captured Separately,26.03,0.29,1.84
"Lamivudine/Zidovudine 150/300mg, tablets, 60 Tabs","Lamivudine/Zidovudine 150/300mg, tablets, 60 Tabs",150/300mg,60,9888,858,6.49,0.11,79.38
"Abacavir 20mg/ml [Ziagen], oral solution, Bottle, 240 ml","Abacavir 20mg/ml [Ziagen], oral solution, Bottle, 240 ml",20mg/ml,240,20000,7670,9.28,0.04,306.24
"HIV 1/2, Uni-Gold HIV Kit, 20 Tests","HIV 1/2, Uni-Gold HIV Kit, 20 Tests",,20,50,See ASN-31129 (ID#:40205),32,1.6,1.88
"Lamivudine/Zidovudine 150/300mg, tablets, 60 Tabs","Lamivudine/Zidovudine 150/300mg, tablets, 60 Tabs",150/300mg,60,14952,See ASN-7262 (ID#:25201),8.61,0.14,252.32
"Lamivudine 10mg/ml, oral solution, Bottle, 240 ml","Lamivudine 10mg/ml, oral solution, Bottle, 240 ml",10mg/ml,240,1650,See ASN-26906 (ID#:33218),1.43,0.01,2.43
"Capillary Tubes, for Determine, EDTA, 50uL,100 Pcs","Capillary Tubes, for Determine, EDTA, 50uL,100 Pcs",,100,50,See ASN-31331 (ID#:51668),8,0.08,0.47
"HIV 1/2, Determine Complete HIV Kit, 100 Tests","HIV 1/2, Determine Complete HIV Kit, 100 Tests",,100,3036,1233,89,0.89,334.24
"Efavirenz/Lamivudine/Tenofovir Disoproxil Fumarate 600/300/300mg, tablets, 30 Tabs","Efavirenz/Lamivudine/Tenofovir Disoproxil Fumarate 600/300/300mg, tablets, 30 Tabs",600/300/300mg,30,26204,3176,11.99,0.4,440.49
"Lopinavir/Ritonavir 80/20mg/ml [Kaletra], oral solution, cool, Bottle 5 x 60 ml","Lopinavir/Ritonavir 80/20mg/ml [Kaletra], oral solution, cool, Bottle 5 x 60 ml",80/20mg/ml,300,10,38,30.82,0.1,0.38
"Efavirenz 600mg, tablets, 30 Tabs","Efavirenz 600mg, tablets, 30 Tabs",600mg,30,560,Weight Captured Separately,18.76,0.63,20.59
"Lamivudine/Nevirapine/Stavudine 150/200/30mg, tablets, 60 Tabs","Lamivudine/Nevirapine/Stavudine 150/200/30mg, tablets, 60 Tabs",150/200/30mg,60,23040,9,6.38,0.11,288.11
"Efavirenz 600mg, tablets, 30 Tabs","Efavirenz 600mg, tablets, 30 Tabs",600mg,30,3,Weight Captured Separately,11.27,0.38,0.03
"Lamivudine 10mg/ml, oral solution, Bottle, 240 ml","Lamivudine 10mg/ml, oral solution, Bottle, 240 ml",10mg/ml,240,11730,4673,1.43,0.01,17.24
"Emtricitabine/Tenofovir Disoproxil Fumarate 200/300mg, tablets, 30 Tabs","Emtricitabine/Tenofovir Disoproxil Fumarate 200/300mg, tablets, 30 Tabs",200/300mg,30,5000,449,5.74,0.19,29.5
"Lopinavir/Ritonavir 80/20mg/ml [Kaletra], oral solution, cool, Bottle 5 x 60 ml","Lopinavir/Ritonavir 80/20mg/ml [Kaletra], oral solution, cool, Bottle 5 x 60 ml",80/20mg/ml,300,1364,1309,30.82,0.1,58.94
"Nevirapine 50mg, dispersible tablets (tablets for oral suspension), 30 Tabs","Nevirapine 50mg, dispersible tablets (tablets for oral suspension), 30 Tabs",50mg,30,2538,165,1.25,0.04,3.26
"Lopinavir/Ritonavir 200/50mg [Aluvia], tablets, 120 Tabs","Lopinavir/Ritonavir 200/50mg [Aluvia], tablets, 120 Tabs",200/50mg,120,160,47,36.16,0.3,12.47
"Raltegravir 400mg [Isentress], tablets, 60 Tabs","Raltegravir 400mg [Isentress], tablets, 60 Tabs",400mg,60,168,35,55.5,0.92,13.07
"Lopinavir/Ritonavir 200/50mg [Aluvia], tablets, 120 Tabs","Lopinavir/Ritonavir 200/50mg [Aluvia], tablets, 120 Tabs",200/50mg,120,300,Weight Captured Separately,41.49,0.35,26.84
"#109435**HIV, OraQuick Controls Kit, 3 Vials","#109435**HIV, OraQuick Controls Kit, 3 Vials",,3,10,6,25,8.33,0.49
"HIV 1/2, Determine Complete HIV Kit, 100 Tests","HIV 1/2, Determine Complete HIV Kit, 100 Tests",,100,2744,1235,89,0.89,342.39
"Lamivudine/Zidovudine 150/300mg, tablets, 60 Tabs","Lamivudine/Zidovudine 150/300mg, tablets, 60 Tabs",150/300mg,60,259,Weight Captured Separately,29.64,0.49,9.5
"Tenofovir Disoproxil Fumarate 300mg, tablets, 30 Tabs","Tenofovir Disoproxil Fumarate 300mg, tablets, 30 Tabs",300mg,30,472,Weight Captured Separately,20.82,0.69,12.15
"Efavirenz 50mg, capsule, 30 Caps","Efavirenz 50mg, capsule, 30 Caps",50mg,30,28,Weight Captured Separately,2.81,0.09,0.08
"Zidovudine 300mg, tablets, 60 Tabs","Zidovudine 300mg, tablets, 60 Tabs",300mg,60,13,Weight Captured Separately,25.24,0.42,0.41
"Lopinavir/Ritonavir 80/20mg/ml [Kaletra], oral solution, cool, Bottle 5 x 60 ml","Lopinavir/Ritonavir 80/20mg/ml [Kaletra], oral solution, cool, Bottle 5 x 60 ml",80/20mg/ml,300,60,103,30.82,0.1,2.29
"HIV 1/2, SKB Colloidal Gold, Diagnostic Kit, Antibody, 50 Tests","HIV 1/2, SKB Colloidal Gold, Diagnostic Kit, Antibody, 50 Tests",,1,5994,3996,24.5,24.5,150.96
"HIV 1/2, Determine Complete HIV Kit, 100 Tests","HIV 1/2, Determine Complete HIV Kit, 100 Tests",,100,2334,1130,80,0.8,402.57
"Efavirenz/Lamivudine/Tenofovir Disoproxil Fumarate 600/300/300mg, tablets, 30 Tabs","Efavirenz/Lamivudine/Tenofovir Disoproxil Fumarate 600/300/300mg, tablets, 30 Tabs",600/300/300mg,30,22752,3138,10.5,0.35,245.59
"Didanosine 50mg [Videx], chewable tablets, 60 Tabs","Didanosine 50mg [Videx], chewable tablets, 60 Tabs",50mg,60,1888,368,9.5,0.16,38.67
"Didanosine 250mg, delayed-release capsules, 30 Caps","Didanosine 250mg, delayed-release capsules, 30 Caps",250mg,30,252,17,13,0.43,7.06
"HIV 1/2, OraQuick Advance HIV Rapid Antibody Kit, 100 Tests","HIV 1/2, OraQuick Advance HIV Rapid Antibody Kit, 100 Tests",,100,20,48,350,3.5,11.55
"Efavirenz 50mg, capsule, 30 Caps","Efavirenz 50mg, capsule, 30 Caps",50mg,30,22920,1291,2.39,0.08,118.1
"HIV 1/2, HEXAGON Rapid HIV Kit, 100 Tests","HIV 1/2, HEXAGON Rapid HIV Kit, 100 Tests",,100,30,Weight Captured Separately,111.58,1.12,4.69
"Lamivudine/Nevirapine/Zidovudine 30/50/60mg, dispersible tablets, 60 Tabs","Lamivudine/Nevirapine/Zidovudine 30/50/60mg, dispersible tablets, 60 Tabs",30/50/60mg,60,204713,11430,3.6,0.06,757.6
"Lamivudine/Nevirapine/Zidovudine 150/200/300mg, tablets, 60 Tabs","Lamivudine/Nevirapine/Zidovudine 150/200/300mg, tablets, 60 Tabs",150/300/200mg,60,24349,2799,11,0.18,577.46
"Nevirapine 200mg, tablets, 60 Tabs","Nevirapine 200mg, tablets, 60 Tabs",200mg,60,7000,512,2.43,0.04,28.07
"Lamivudine/Nevirapine/Zidovudine 150/200/300mg, tablets, 60 Tabs","Lamivudine/Nevirapine/Zidovudine 150/200/300mg, tablets, 60 Tabs",150/300/200mg,60,2335,See ASN-16124 (ID#:20321),9.35,0.16,30.61
"HIV, OraQuick Controls Kit, 3 Vials","HIV, OraQuick Controls Kit, 3 Vials",,1,33,Weight Captured Separately,25,25,0.85
"Efavirenz/Lamivudine/Tenofovir Disoproxil Fumarate 600/300/300mg, tablets, 30 Tabs","Efavirenz/Lamivudine/Tenofovir Disoproxil Fumarate 600/300/300mg, tablets, 30 Tabs",600/300/300mg,30,27608,See ASN-14757 (ID#:30618),14.1,0.47,545.76
"Lamivudine/Zidovudine 150/300mg, tablets, 60 Tabs","Lamivudine/Zidovudine 150/300mg, tablets, 60 Tabs",150/300mg,60,9751,See ASN-11855 (ID#:69871),8.2,0.14,131.93
"Ritonavir 100mg [Norvir], film coated tablets, 60 Tabs","Ritonavir 100mg [Norvir], film coated tablets, 60 Tabs",100mg,60,3000,387,6.85,0.11,25.42
"Lamivudine 150mg, tablets, 60 Tabs","Lamivudine 150mg, tablets, 60 Tabs",150mg,60,16999,912,2.53,0.04,92.72
"Lamivudine/Zidovudine 150/300mg, tablets, 60 Tabs","Lamivudine/Zidovudine 150/300mg, tablets, 60 Tabs",150/300mg,60,239,Weight Captured Separately,32.75,0.55,9.68
"Stavudine 30mg, capsules, 60 Caps","Stavudine 30mg, capsules, 60 Caps",30mg,60,337,Weight Captured Separately,4.03,0.07,1.68
"Lopinavir/Ritonavir 200/50mg, tablets, 120 Tabs","Lopinavir/Ritonavir 200/50mg, tablets, 120 Tabs",200/50mg,120,15321,3888,25.5,0.21,547.74
"HIV 1/2, Determine Complete HIV Kit, 100 Tests","HIV 1/2, Determine Complete HIV Kit, 100 Tests",,100,3100,1473,80,0.8,347.7
"Didanosine 400mg, delayed-release capsules, 30 Caps","Didanosine 400mg, delayed-release capsules, 30 Caps",400mg,30,7,Weight Captured Separately,21.87,0.73,0.19
"Efavirenz 30mg/ml [Stocrin/Sustiva], oral solution, Bottle, 180 ml","Efavirenz 30mg/ml [Stocrin/Sustiva], oral solution, Bottle, 180 ml",30mg/ml,180,2052,605,16.96,0.09,57.42
"Lamivudine/Nevirapine/Stavudine 150/200/30mg, tablets, 60 Tabs","Lamivudine/Nevirapine/Stavudine 150/200/30mg, tablets, 60 Tabs",150/200/30mg,60,40000,4479,4.39,0.07,246.19
"HIV 1/2, Determine HIV Kit, without Lancets, 100 Tests","HIV 1/2, Determine HIV Kit, without Lancets, 100 Tests",,100,5000,1134,77.7,0.78,837.61
"HIV 1/2, Stat-Pak HIV, Kit, 20 Tests","HIV 1/2, Stat-Pak HIV, Kit, 20 Tests",,20,2424,621,29,1.45,98.55
"Lopinavir/Ritonavir 200/50mg [Aluvia], tablets, 120 Tabs","Lopinavir/Ritonavir 200/50mg [Aluvia], tablets, 120 Tabs",200/50mg,120,1049,264,82.2,0.68,142.28
"Efavirenz 600mg, tablets, 30 Tabs","Efavirenz 600mg, tablets, 30 Tabs",600mg,30,48235,3919,4.3,0.14,447.18
"Raltegravir 400mg [Isentress], tablets, 60 Tabs","Raltegravir 400mg [Isentress], tablets, 60 Tabs",400mg,60,161,Weight Captured Separately,55.5,0.92,9.19
"Lopinavir/Ritonavir 100/25mg [Aluvia], tablets, 60 Tabs","Lopinavir/Ritonavir 100/25mg [Aluvia], tablets, 60 Tabs",100/25mg,60,60,13,5.94,0.1,0.44
"Lopinavir/Ritonavir 80/20mg/ml [Kaletra], oral solution, cool, Bottle 5 x 60 ml","Lopinavir/Ritonavir 80/20mg/ml [Kaletra], oral solution, cool, Bottle 5 x 60 ml",80/20mg/ml,300,1250,Weight Captured Separately,46.99,0.16,115.11
"Etravirine 100mg [Intelence], tablets, 120 Tabs","Etravirine 100mg [Intelence], tablets, 120 Tabs",100mg,120,50,10,83.98,0.7,9.05
"HIV 1/2, Stat-Pak HIV, Kit, 20 Tests","HIV 1/2, Stat-Pak HIV, Kit, 20 Tests",,20,5439,2097,32,1.6,215.3
"Efavirenz 600mg, tablets, 30 Tabs","Efavirenz 600mg, tablets, 30 Tabs",600mg,30,21050,1812,3.5,0.12,75.74
"Efavirenz 30mg/ml [Stocrin/Sustiva], oral solution, Bottle, 180 ml","Efavirenz 30mg/ml [Stocrin/Sustiva], oral solution, Bottle, 180 ml",30mg/ml,180,255,72,16.96,0.09,7.14
"Lamivudine 150mg, tablets, 60 Tabs","Lamivudine 150mg, tablets, 60 Tabs",150mg,60,328,Weight Captured Separately,9.85,0.16,4
"Lopinavir/Ritonavir 80/20mg/ml [Kaletra], oral solution, cool, Bottle 5 x 60 ml","Lopinavir/Ritonavir 80/20mg/ml [Kaletra], oral solution, cool, Bottle 5 x 60 ml",80/20mg/ml,300,1021,1013,30.82,0.1,44.12
"Lopinavir/Ritonavir 100/25mg [Aluvia], tablets, 60 Tabs","Lopinavir/Ritonavir 100/25mg [Aluvia], tablets, 60 Tabs",100/25mg,60,24,8,5.94,0.1,0.18
"HIV 1/2, Determine HIV Kit, without Lancets, 100 Tests","HIV 1/2, Determine HIV Kit, without Lancets, 100 Tests",,100,100,24,77.7,0.78,12.82
"Lopinavir/Ritonavir 200/50mg [Aluvia], tablets, 120 Tabs","Lopinavir/Ritonavir 200/50mg [Aluvia], tablets, 120 Tabs",200/50mg,120,1865,463,19.32,0.16,44.57
"Lamivudine/Nevirapine/Zidovudine 150/200/300mg, tablets, 60 Tabs","Lamivudine/Nevirapine/Zidovudine 150/200/300mg, tablets, 60 Tabs",150/300/200mg,60,62219,8297,8.37,0.14,730.12
"HIV 1/2, Bioline 3.0 Kit, Lancets, Capillary pipets, Alcohol swabs included, 25 Tests","HIV 1/2, Bioline 3.0 Kit, Lancets, Capillary pipets, Alcohol swabs included, 25 Tests",,25,40,14,20,0.8,1.32
"Efavirenz 600mg, tablets, 30 Tabs","Efavirenz 600mg, tablets, 30 Tabs",600mg,30,125,Weight Captured Separately,15.6,0.52,2
"HIV 1/2, Determine HIV Kit, without Lancets, 100 Tests","HIV 1/2, Determine HIV Kit, without Lancets, 100 Tests",,100,3500,794,70,0.7,528.22
"Efavirenz/Emtricitabine/Tenofovir Disoproxil Fumarate 600/200/300mg, tablets, 30 Tabs","Efavirenz/Emtricitabine/Tenofovir Disoproxil Fumarate 600/200/300mg, tablets, 30 Tabs",600/200/300mg,30,34735,4260,10.43,0.35,426.41
"Stavudine 30mg, capsules, 60 Caps","Stavudine 30mg, capsules, 60 Caps",30mg,60,18000,1390,1.45,0.02,43.06
"Nevirapine 10mg/ml, oral suspension w/syringe, Bottle, 240 ml","Nevirapine 10mg/ml, oral suspension w/syringe, Bottle, 240 ml",10mg/ml,240,8500,3061,2.12,0.01,29.73
"Lamivudine 10mg/ml, oral solution, Bottle, 240 ml","Lamivudine 10mg/ml, oral solution, Bottle, 240 ml",10mg/ml,240,50000,18467,2.06,0.01,169.95
"Abacavir 20mg/ml, oral solution w/syringe, Bottle, 240 ml","Abacavir 20mg/ml, oral solution w/syringe, Bottle, 240 ml",20mg/ml,240,89,Weight Captured Separately,27.04,0.11,2.98
"Abacavir 300mg, tablets, 60 Tabs","Abacavir 300mg, tablets, 60 Tabs",300mg,60,327,See ASN-18662 (ID#:38299),12.9,0.22,5.22
"Lamivudine 150mg, tablets, 60 Tabs","Lamivudine 150mg, tablets, 60 Tabs",150mg,60,515000,23655,2.43,0.04,2064.89
"Nelfinavir 50mg/g [Viracept], oral powder, 144g","Nelfinavir 50mg/g [Viracept], oral powder, 144g",50mg/g,144,148,27,36.69,0.25,11.71
"Lamivudine 150mg, tablets, 60 Tabs","Lamivudine 150mg, tablets, 60 Tabs",150mg,60,16800,See ASN-6341 (ID#:29298),2.6,0.04,94.17
"Zidovudine 300mg, tablets, 60 Tabs","Zidovudine 300mg, tablets, 60 Tabs",300mg,60,9829,509,7.3,0.12,118.39
"HIV 1/2, Determine Complete HIV Kit, 100 Tests","HIV 1/2, Determine Complete HIV Kit, 100 Tests",,100,1268,516,80,0.8,125.48
"Lamivudine/Tenofovir Disoproxil Fumarate 300/300mg, tablets, 30 Tabs","Lamivudine/Tenofovir Disoproxil Fumarate 300/300mg, tablets, 30 Tabs",300/300mg,30,100000,9565,6.24,0.21,1029.6
"Tenofovir Disoproxil Fumarate 300mg, tablets, 30 Tabs","Tenofovir Disoproxil Fumarate 300mg, tablets, 30 Tabs",300mg,30,1612,111,6.5,0.22,17.29
"HIV 1/2, Bioline 3.0 Kit, Lancets, Capillary pipets, Alcohol swabs included, 25 Tests","HIV 1/2, Bioline 3.0 Kit, Lancets, Capillary pipets, Alcohol swabs included, 25 Tests",,25,10000,3334,20,0.8,330
"Tenofovir Disoproxil Fumarate 300mg, tablets, 30 Tabs","Tenofovir Disoproxil Fumarate 300mg, tablets, 30 Tabs",300mg,30,12000,See ASN-24041 (ID#:34062),4,0.13,59.38
"HIV 1/2, Uni-Gold HIV Kit, 20 Tests","HIV 1/2, Uni-Gold HIV Kit, 20 Tests",,20,9250,3058,32,1.6,414.99
"HIV 1/2, Determine Complete HIV Kit, 100 Tests","HIV 1/2, Determine Complete HIV Kit, 100 Tests",,100,9258,3759,89,0.89,1019.24
"Lamivudine/Tenofovir Disoproxil Fumarate 300/300mg, tablets, 30 Tabs","Lamivudine/Tenofovir Disoproxil Fumarate 300/300mg, tablets, 30 Tabs",300/300mg,30,24540,2448,4.65,0.16,117.31
"HIV 1/2, Determine Complete HIV Kit, 100 Tests","HIV 1/2, Determine Complete HIV Kit, 100 Tests",,100,1915,967,72,0.72,297.27
"HIV 1/2, Determine Complete HIV Kit, 100 Tests","HIV 1/2, Determine Complete HIV Kit, 100 Tests",,100,2282,1106,72,0.72,322.04
"Efavirenz 600mg, tablets, 30 Tabs","Efavirenz 600mg, tablets, 30 Tabs",600mg,30,152,Weight Captured Separately,14.6,0.49,2.28
"Raltegravir 400mg [Isentress], tablets, 60 Tabs","Raltegravir 400mg [Isentress], tablets, 60 Tabs",400mg,60,82,Weight Captured Separately,93.38,1.56,9.47
"HIV 1/2, Uni-Gold HIV Kit, 20 Tests","HIV 1/2, Uni-Gold HIV Kit, 20 Tests",,20,444,132,32,1.6,14.61
"HIV 1/2, Determine Complete HIV Kit, 100 Tests","HIV 1/2, Determine Complete HIV Kit, 100 Tests",,100,8200,3896,80,0.8,919.71
"Zidovudine 300mg, tablets, 60 Tabs","Zidovudine 300mg, tablets, 60 Tabs",300mg,60,1130,Weight Captured Separately,28.23,0.47,62.51
"Raltegravir 400mg [Isentress], tablets, 60 Tabs","Raltegravir 400mg [Isentress], tablets, 60 Tabs",400mg,60,180,See ASN-14835 (ID#:77780),55.5,0.92,14.01
"HIV 1/2, Uni-Gold HIV Kit, 20 Tests","HIV 1/2, Uni-Gold HIV Kit, 20 Tests",,20,516,174,32,1.6,27.24
"Efavirenz/Lamivudine/Tenofovir Disoproxil Fumarate 600/300/300mg, tablets, 30 Tabs","Efavirenz/Lamivudine/Tenofovir Disoproxil Fumarate 600/300/300mg, tablets, 30 Tabs",600/300/300mg,30,5120,See ASN-32258 (ID#:29880),10,0.33,60.26
"Lopinavir/Ritonavir 100/25mg [Aluvia], tablets, 60 Tabs","Lopinavir/Ritonavir 100/25mg [Aluvia], tablets, 60 Tabs",100/25mg,60,216,24,7.39,0.12,2.24
"Lamivudine/Tenofovir Disoproxil Fumarate 300/300mg, tablets, 30 Tabs","Lamivudine/Tenofovir Disoproxil Fumarate 300/300mg, tablets, 30 Tabs",300/300mg,30,72091,6842,10.95,0.36,1547.22
"Lamivudine/Nevirapine/Zidovudine 150/200/300mg, tablets, 60 Tabs","Lamivudine/Nevirapine/Zidovudine 150/200/300mg, tablets, 60 Tabs",150/300/200mg,60,12816,Weight Captured Separately,8.1,0.13,122.18
"Lamivudine 150mg, tablets, 60 Tabs","Lamivudine 150mg, tablets, 60 Tabs",150mg,60,1,Weight Captured Separately,9.85,0.16,0.01
"Efavirenz/Lamivudine/Tenofovir Disoproxil Fumarate 600/300/300mg, tablets, 30 Tabs","Efavirenz/Lamivudine/Tenofovir Disoproxil Fumarate 600/300/300mg, tablets, 30 Tabs",600/300/300mg,30,15840,See ASN-29384 (ID#:33441),10.5,0.35,170.98
"HIV 1/2, Determine Complete HIV Kit, 100 Tests","HIV 1/2, Determine Complete HIV Kit, 100 Tests",,100,3135,1272,80,0.8,257.82
"Lamivudine/Zidovudine 150/300mg, tablets, 60 Tabs","Lamivudine/Zidovudine 150/300mg, tablets, 60 Tabs",150/300mg,60,14789,See ASN-13475 (ID#:15772),7.95,0.13,193.99
"Efavirenz 200mg, capsule, 90 Caps","Efavirenz 200mg, capsule, 90 Caps",200mg,90,75,Weight Captured Separately,26.03,0.29,2.41
"Abacavir 300mg, tablets, 60 Tabs","Abacavir 300mg, tablets, 60 Tabs",300mg,60,19,Weight Captured Separately,68.99,1.15,1.35
"HIV 1/2, Stat-Pak HIV, Kit, 20 Tests","HIV 1/2, Stat-Pak HIV, Kit, 20 Tests",,20,1564,Weight Captured Separately,32,1.6,58.91
"Capillary Tubes, for Determine, EDTA, 50uL,100 Pcs","Capillary Tubes, for Determine, EDTA, 50uL,100 Pcs",,100,4,Weight Captured Separately,8,0.08,0.05
"Lopinavir/Ritonavir 200/50mg [Aluvia], tablets, 120 Tabs","Lopinavir/Ritonavir 200/50mg [Aluvia], tablets, 120 Tabs",200/50mg,120,344,Weight Captured Separately,23.13,0.19,9.84
"Raltegravir 400mg [Isentress], tablets, 60 Tabs","Raltegravir 400mg [Isentress], tablets, 60 Tabs",400mg,60,120,11,55.5,0.92,8.24
"HIV 1/2, Uni-Gold HIV Kit, 20 Tests","HIV 1/2, Uni-Gold HIV Kit, 20 Tests",,20,353,See ASN-31750 (ID#:19272),32,1.6,13.3
"Lamivudine 150mg, tablets, 60 Tabs","Lamivudine 150mg, tablets, 60 Tabs",150mg,60,440000,19564,2.43,0.04,1764.18
"HIV 1/2, Determine Complete HIV Kit, 100 Tests","HIV 1/2, Determine Complete HIV Kit, 100 Tests",,100,5905,2402,89,0.89,540.26
"HIV 1/2, Determine Complete HIV Kit, 100 Tests","HIV 1/2, Determine Complete HIV Kit, 100 Tests",,100,2943,1280,80,0.8,291.24
"Atazanavir/Ritonavir 300/100mg, tablets, 30 Tabs","Atazanavir/Ritonavir 300/100mg, tablets, 30 Tabs",300/100mg,30,12830,1710,22.5,0.75,357.09
"HIV 1/2, Determine Complete HIV Kit, 100 Tests","HIV 1/2, Determine Complete HIV Kit, 100 Tests",,100,4000,1623,100,1,411.2
"Lamivudine 150mg, tablets, 60 Tabs","Lamivudine 150mg, tablets, 60 Tabs",150mg,60,8500,See ASN-28062 (ID#:14016),1.72,0.03,15.03
"Lamivudine/Nevirapine/Zidovudine 150/200/300mg, tablets, 60 Tabs","Lamivudine/Nevirapine/Zidovudine 150/200/300mg, tablets, 60 Tabs",150/300/200mg,60,7255,917,8.13,0.14,72.96
"Saquinavir 500mg [Invirase], tablets, 120 Tabs","Saquinavir 500mg [Invirase], tablets, 120 Tabs",500mg,120,188,33,237.45,1.98,73.66
"Nevirapine 200mg, tablets, 60 Tabs","Nevirapine 200mg, tablets, 60 Tabs",200mg,60,50326,Weight Captured Separately,2.72,0.05,225.86
"Lopinavir/Ritonavir 200/50mg [Aluvia], tablets, 120 Tabs","Lopinavir/Ritonavir 200/50mg [Aluvia], tablets, 120 Tabs",200/50mg,120,4951,1232,82.2,0.68,671.5
"HIV 1/2, Uni-Gold HIV Kit, 20 Tests","HIV 1/2, Uni-Gold HIV Kit, 20 Tests",,20,41,See ASN-28279 (ID#:13547),32,1.6,1.35
"Efavirenz 200mg, capsule, 90 Caps","Efavirenz 200mg, capsule, 90 Caps",200mg,90,20,Weight Captured Separately,23.59,0.26,0.48
"Zidovudine 300mg, tablets, 60 Tabs","Zidovudine 300mg, tablets, 60 Tabs",300mg,60,14,Weight Captured Separately,19.33,0.32,0.28
"HIV 1/2, Determine Complete HIV Kit, 100 Tests","HIV 1/2, Determine Complete HIV Kit, 100 Tests",,100,5903,3473,89,0.89,540.08
"HIV 1/2, Uni-Gold HIV Kit, 20 Tests","HIV 1/2, Uni-Gold HIV Kit, 20 Tests",,20,34,See ASN-28279 (ID#:13547),32,1.6,1.12
"Lopinavir/Ritonavir 100/25mg [Aluvia], tablets, 60 Tabs","Lopinavir/Ritonavir 100/25mg [Aluvia], tablets, 60 Tabs",100/25mg,60,4400,505,5.94,0.1,32.33
"Lamivudine 10mg/ml, oral solution, Bottle, 240 ml","Lamivudine 10mg/ml, oral solution, Bottle, 240 ml",10mg/ml,240,7420,See ASN-15328 (ID#:46005),1.95,0.01,20.29
"HIV 1/2, Uni-Gold HIV Kit, 20 Tests","HIV 1/2, Uni-Gold HIV Kit, 20 Tests",,20,4588,1573,32,1.6,242.25
"HIV 1/2, Uni-Gold HIV Kit, 20 Tests","HIV 1/2, Uni-Gold HIV Kit, 20 Tests",,20,6042,1990,32,1.6,271.07
"HIV 1/2, Determine Complete HIV Kit, 100 Tests","HIV 1/2, Determine Complete HIV Kit, 100 Tests",,100,1500,606,80,0.8,123.36
"Lamivudine/Tenofovir Disoproxil Fumarate 300/300mg, tablets, 30 Tabs","Lamivudine/Tenofovir Disoproxil Fumarate 300/300mg, tablets, 30 Tabs",300/300mg,30,27053,4598,4.62,0.15,128.48
"Tenofovir Disoproxil Fumarate 300mg, tablets, 30 Tabs","Tenofovir Disoproxil Fumarate 300mg, tablets, 30 Tabs",300mg,30,9679,See ASN-14757 (ID#:30618),4.95,0.16,67.17
"Zidovudine 300mg, tablets, 60 Tabs","Zidovudine 300mg, tablets, 60 Tabs",300mg,60,10,Weight Captured Separately,27.83,0.46,0.34
"Raltegravir 400mg [Isentress], tablets, 60 Tabs","Raltegravir 400mg [Isentress], tablets, 60 Tabs",400mg,60,162,Weight Captured Separately,55.5,0.92,10.58
"Raltegravir 400mg [Isentress], tablets, 60 Tabs","Raltegravir 400mg [Isentress], tablets, 60 Tabs",400mg,60,17,Weight Captured Separately,55.5,0.92,1.17
"Tenofovir Disoproxil Fumarate 300mg, tablets, 30 Tabs","Tenofovir Disoproxil Fumarate 300mg, tablets, 30 Tabs",300mg,30,14000,See ASN-30942 (ID#:19840),3.55,0.12,51.09
"Ritonavir 80mg/ml [Norvir], oral solution, cool, Bottle, 90 ml","Ritonavir 80mg/ml [Norvir], oral solution, cool, Bottle, 90 ml",80mg/ml,90,2,Weight Captured Separately,14.16,0.16,0.06
"Lamivudine 150mg, tablets, 60 Tabs","Lamivudine 150mg, tablets, 60 Tabs",150mg,60,27480,See ASN-5131 (ID#:25886),2.4,0.04,129.27
"Lamivudine/Nevirapine/Zidovudine 150/200/300mg, tablets, 60 Tabs","Lamivudine/Nevirapine/Zidovudine 150/200/300mg, tablets, 60 Tabs",150/300/200mg,60,11594,1615,11,0.18,210.43
"Lamivudine 150mg, tablets, 60 Tabs","Lamivudine 150mg, tablets, 60 Tabs",150mg,60,34900,1588,1.81,0.03,78.14
"Lamivudine/Zidovudine 150/300mg, tablets, 60 Tabs","Lamivudine/Zidovudine 150/300mg, tablets, 60 Tabs",150/300mg,60,7854,803,6.59,0.11,64.02
"HIV 1/2, Determine Complete HIV Kit, 100 Tests","HIV 1/2, Determine Complete HIV Kit, 100 Tests",,100,1139,542,89,0.89,142.12
"Lamivudine/Nevirapine/Zidovudine 30/50/60mg, dispersible tablets, 60 Tabs","Lamivudine/Nevirapine/Zidovudine 30/50/60mg, dispersible tablets, 60 Tabs",30/50/60mg,60,6200,597,4,0.07,25.49
"HIV 1/2, Determine Complete HIV Kit, 100 Tests","HIV 1/2, Determine Complete HIV Kit, 100 Tests",,100,3064,1245,89,0.89,337.32
"HIV 1/2, Uni-Gold HIV Kit, 20 Tests","HIV 1/2, Uni-Gold HIV Kit, 20 Tests",,20,7200,2521,32,1.6,496.74
"Didanosine EC 400mg [Videx EC], delayed-release capsules, Blister 3 x 10 Caps","Didanosine EC 400mg [Videx EC], delayed-release capsules, Blister 3 x 10 Caps",400mg,30,140,Weight Captured Separately,28.85,0.96,8.71
"Didanosine EC 400mg [Videx EC], delayed-release capsules, Blister 3 x 10 Caps","Didanosine EC 400mg [Videx EC], delayed-release capsules, Blister 3 x 10 Caps",400mg,30,6900,See ASN-4974 (ID#:18694),23.67,0.79,320.11
"HIV 1/2, Uni-Gold HIV Kit, 20 Tests","HIV 1/2, Uni-Gold HIV Kit, 20 Tests",,20,427,149,32,1.6,19.16
"Efavirenz 600mg, tablets, 30 Tabs","Efavirenz 600mg, tablets, 30 Tabs",600mg,30,35616,See ASN-16560 (ID#:29734),3.55,0.12,177.26
"Didanosine 400mg, delayed-release capsules, 30 Caps","Didanosine 400mg, delayed-release capsules, 30 Caps",400mg,30,7,Weight Captured Separately,14.22,0.47,0.1
"Lamivudine 10mg/ml, oral solution w/syringe, Bottle, 240 ml","Lamivudine 10mg/ml, oral solution w/syringe, Bottle, 240 ml",10mg/ml,240,11644,4442,3,0.01,75.31
"Tenofovir Disoproxil Fumarate 300mg, tablets, 30 Tabs","Tenofovir Disoproxil Fumarate 300mg, tablets, 30 Tabs",300mg,30,1344,86,7.5,0.25,21.73
"Lamivudine/Stavudine 150/30mg, tablets, 60 Tabs","Lamivudine/Stavudine 150/30mg, tablets, 60 Tabs",150/30mg,60,13168,834,2.92,0.05,47.56
"Emtricitabine/Tenofovir Disoproxil Fumarate 200/300mg [Truvada], tablets, 30 Tabs","Emtricitabine/Tenofovir Disoproxil Fumarate 200/300mg [Truvada], tablets, 30 Tabs",300/200mg,30,200,Weight Captured Separately,45.25,1.51,17.74
"HIV 1/2, Determine HIV Kit, without Lancets, 100 Tests","HIV 1/2, Determine HIV Kit, without Lancets, 100 Tests",,100,150,35,77.7,0.78,16.34
"Sulfadoxine/Pyrimethamine 500/25mg, tablets, 1000 Tabs","Sulfadoxine/Pyrimethamine 500/25mg, tablets, 1000 Tabs",500/25mg,1000,602,488,25.3,0.03,21.35
"Capillary Tubes, for Determine, EDTA, 50uL,100 Pcs","Capillary Tubes, for Determine, EDTA, 50uL,100 Pcs",,100,115,See ASN-20331 (ID#:34113),8,0.08,1.14
"Nevirapine 50mg, dispersible tablets (tablets for oral suspension), 30 Tabs","Nevirapine 50mg, dispersible tablets (tablets for oral suspension), 30 Tabs",50mg,30,1200,64,1.25,0.04,1.54
"HIV 1/2, Uni-Gold HIV Kit, 20 Tests","HIV 1/2, Uni-Gold HIV Kit, 20 Tests",,20,292,99,32,1.6,13.1
"Lamivudine/Tenofovir Disoproxil Fumarate 300/300mg, tablets, 30 Tabs","Lamivudine/Tenofovir Disoproxil Fumarate 300/300mg, tablets, 30 Tabs",300/300mg,30,28899,2846,4.65,0.16,138.14
"Darunavir 300mg [Prezista], tablets, 120 Tabs","Darunavir 300mg [Prezista], tablets, 120 Tabs",300mg,120,175,37,90,0.75,25.99
"Lopinavir/Ritonavir 200/50mg [Aluvia], tablets, 120 Tabs","Lopinavir/Ritonavir 200/50mg [Aluvia], tablets, 120 Tabs",200/50mg,120,1114,266,60.82,0.51,83.81
"Lopinavir/Ritonavir 80/20mg/ml [Kaletra], oral solution, cool, Bottle 5 x 60 ml","Lopinavir/Ritonavir 80/20mg/ml [Kaletra], oral solution, cool, Bottle 5 x 60 ml",80/20mg/ml,300,8,Weight Captured Separately,23.12,0.08,0.23
"Atazanavir 150mg [Reyataz], capsules, 60 Caps","Atazanavir 150mg [Reyataz], capsules, 60 Caps",150mg,60,208,16,33.85,0.56,7.24
"Lamivudine 150mg, tablets, 60 Tabs","Lamivudine 150mg, tablets, 60 Tabs",150mg,60,808,Weight Captured Separately,10.23,0.17,16.21
"Atazanavir/Ritonavir 300/100mg, tablets, 30 Tabs","Atazanavir/Ritonavir 300/100mg, tablets, 30 Tabs",300/100mg,30,170,22,22.5,0.75,5.36
"Lopinavir/Ritonavir 200/50mg [Aluvia], tablets, 120 Tabs","Lopinavir/Ritonavir 200/50mg [Aluvia], tablets, 120 Tabs",200/50mg,120,9517,2368,33.7,0.28,529.19
"Efavirenz 600mg, tablets, 30 Tabs","Efavirenz 600mg, tablets, 30 Tabs",600mg,30,56352,4792,3.5,0.12,202.75
"Efavirenz/Lamivudine/Tenofovir Disoproxil Fumarate 600/300/300mg, tablets, 30 Tabs","Efavirenz/Lamivudine/Tenofovir Disoproxil Fumarate 600/300/300mg, tablets, 30 Tabs",600/300/300mg,30,41700,4900,14.1,0.47,970.15
"Lopinavir/Ritonavir 100/25mg [Aluvia], tablets, 60 Tabs","Lopinavir/Ritonavir 100/25mg [Aluvia], tablets, 60 Tabs",100/25mg,60,765,84,5.94,0.1,5.62
"Zidovudine 100mg, capsules, 100 Caps","Zidovudine 100mg, capsules, 100 Caps",100mg,100,650,72,4.5,0.04,3.01
"HIV 1/2, Determine Complete HIV Kit, 100 Tests","HIV 1/2, Determine Complete HIV Kit, 100 Tests",,100,2933,1271,89,0.89,365.97
"HIV 1/2, Determine Complete HIV Kit, 100 Tests","HIV 1/2, Determine Complete HIV Kit, 100 Tests",,100,368,See ASN-32231 (ID#:13648),80,0.8,34.65
"HIV, Lancet, Safety, for HIV Test kits, 100 Pcs","HIV, Lancet, Safety, for HIV Test kits, 100 Pcs",,100,1000,See ASN-18722 (ID#:71773),5,0.05,6.18
"Nevirapine 200mg, tablets, 60 Tabs","Nevirapine 200mg, tablets, 60 Tabs",200mg,60,7000,437,2.2,0.04,15.83
"Tenofovir Disoproxil Fumarate 300mg, tablets, 30 Tabs","Tenofovir Disoproxil Fumarate 300mg, tablets, 30 Tabs",300mg,30,12722,875,7.03,0.23,192.82
"HIV 1/2, Determine Complete HIV Kit, 100 Tests","HIV 1/2, Determine Complete HIV Kit, 100 Tests",,100,4000,1623,80,0.8,395.84
"Atazanavir/Ritonavir 300/100mg, tablets, 30 Tabs","Atazanavir/Ritonavir 300/100mg, tablets, 30 Tabs",300/100mg,30,4846,Weight Captured Separately,18,0.6,89.67
"Nevirapine 200mg, tablets, 60 Tabs","Nevirapine 200mg, tablets, 60 Tabs",200mg,60,57,Weight Captured Separately,19.72,0.33,1.39
"Lopinavir/Ritonavir 200/50mg [Aluvia], tablets, 120 Tabs","Lopinavir/Ritonavir 200/50mg [Aluvia], tablets, 120 Tabs",200/50mg,120,6000,1523,36.16,0.3,425.24
"HIV 1/2, Determine Complete HIV Kit, 100 Tests","HIV 1/2, Determine Complete HIV Kit, 100 Tests",,100,6137,2492,80,0.8,504.71
"HIV 1/2, Bioline 3.0 Kit, Lancets, Capillary pipets, Alcohol swabs included, 25 Tests","HIV 1/2, Bioline 3.0 Kit, Lancets, Capillary pipets, Alcohol swabs included, 25 Tests",,25,1400,469,20.5,0.82,35.5
"Efavirenz 50mg, capsule, 30 Caps","Efavirenz 50mg, capsule, 30 Caps",50mg,30,300,Weight Captured Separately,4.04,0.13,2.38
"Didanosine EC 400mg [Videx EC], delayed-release capsules, Blister 3 x 10 Caps","Didanosine EC 400mg [Videx EC], delayed-release capsules, Blister 3 x 10 Caps",400mg,30,190,Weight Captured Separately,8.32,0.28,3.1
"Lamivudine/Nevirapine/Stavudine 150/200/30mg, tablets, 60 Tabs","Lamivudine/Nevirapine/Stavudine 150/200/30mg, tablets, 60 Tabs",150/200/30mg,60,13,Weight Captured Separately,30.24,0.5,0.49
"Abacavir 20mg/ml, oral solution, Bottle, 240 ml","Abacavir 20mg/ml, oral solution, Bottle, 240 ml",20mg/ml,240,21,Weight Captured Separately,19,0.08,0.41
"Tenofovir Disoproxil Fumarate 300mg [Viread], tablets, 30 Tabs","Tenofovir Disoproxil Fumarate 300mg [Viread], tablets, 30 Tabs",300mg,30,2500,Weight Captured Separately,18.95,0.63,58.6
"Lopinavir/Ritonavir 80/20mg/ml [Kaletra], oral solution, cool, Bottle 5 x 60 ml","Lopinavir/Ritonavir 80/20mg/ml [Kaletra], oral solution, cool, Bottle 5 x 60 ml",80/20mg/ml,300,2346,2172,30.82,0.1,101.37
"Ritonavir 100mg [Norvir], capsules, cool, 4 x 84 Caps","Ritonavir 100mg [Norvir], capsules, cool, 4 x 84 Caps",100mg,336,50,154,38.36,0.11,4.14
"Lopinavir/Ritonavir 80/20mg/ml [Kaletra], oral solution, cool, Bottle 5 x 60 ml","Lopinavir/Ritonavir 80/20mg/ml [Kaletra], oral solution, cool, Bottle 5 x 60 ml",80/20mg/ml,300,86,100,30.82,0.1,2.72
"Efavirenz 600mg, tablets, 30 Tabs","Efavirenz 600mg, tablets, 30 Tabs",600mg,30,63652,3963,3.19,0.11,251.17
"Saquinavir 200mg [Invirase], capsules, 270 Caps","Saquinavir 200mg [Invirase], capsules, 270 Caps",200mg,270,30,Weight Captured Separately,76.82,0.28,2.37
"Nevirapine 200mg, tablets, 60 Tabs","Nevirapine 200mg, tablets, 60 Tabs",200mg,60,4300,See ASN-30320 (ID#:53759),2.16,0.04,10.93
"Lopinavir/Ritonavir 200/50mg [Aluvia], tablets, 120 Tabs","Lopinavir/Ritonavir 200/50mg [Aluvia], tablets, 120 Tabs",200/50mg,120,7600,See ASN-4979 (ID#:21174),36.16,0.3,538.64
"Atazanavir/Ritonavir 300/100mg, tablets, 30 Tabs","Atazanavir/Ritonavir 300/100mg, tablets, 30 Tabs",300/100mg,30,1000,140,20,0.67,20.56
"Lopinavir/Ritonavir 80/20mg/ml [Kaletra], oral solution, cool, Bottle 5 x 60 ml","Lopinavir/Ritonavir 80/20mg/ml [Kaletra], oral solution, cool, Bottle 5 x 60 ml",80/20mg/ml,300,320,326,30.82,0.1,12.2
"#109435**HIV, OraQuick Controls Kit, 3 Vials","#109435**HIV, OraQuick Controls Kit, 3 Vials",,3,10,6,25,8.33,0.49
"Abacavir 300mg [Ziagen], tablets, Blister 6 x 10 Tabs","Abacavir 300mg [Ziagen], tablets, Blister 6 x 10 Tabs",300mg,60,200,Weight Captured Separately,38.91,0.65,16.78
"HIV, Reveal G3 Rapid HIV-1 Antibody Test, 30 Tests","HIV, Reveal G3 Rapid HIV-1 Antibody Test, 30 Tests",,30,50,Weight Captured Separately,51,1.7,3.58
"Abacavir 20mg/ml, oral solution, Bottle, 240 ml","Abacavir 20mg/ml, oral solution, Bottle, 240 ml",20mg/ml,240,8,Weight Captured Separately,17.71,0.07,0.15
"Abacavir 20mg/ml, oral solution, Bottle, 240 ml","Abacavir 20mg/ml, oral solution, Bottle, 240 ml",20mg/ml,240,300,See ASN-30183 (ID#:51410),6.83,0.03,2.11
"HIV 1/2, Bioline 3.0 Kit, Lancets, Capillary pipets, Alcohol swabs included, 25 Tests","HIV 1/2, Bioline 3.0 Kit, Lancets, Capillary pipets, Alcohol swabs included, 25 Tests",,25,8525,2842,20,0.8,334.18
"Lopinavir/Ritonavir 80/20mg/ml [Kaletra], oral solution, cool, Bottle 5 x 60 ml","Lopinavir/Ritonavir 80/20mg/ml [Kaletra], oral solution, cool, Bottle 5 x 60 ml",80/20mg/ml,300,540,Weight Captured Separately,43.58,0.15,46.13
"Lopinavir/Ritonavir 80/20mg/ml [Kaletra], oral solution, cool, Bottle 5 x 60 ml","Lopinavir/Ritonavir 80/20mg/ml [Kaletra], oral solution, cool, Bottle 5 x 60 ml",80/20mg/ml,300,1500,1374,30.82,0.1,64.81
"Lopinavir/Ritonavir 80/20mg/ml [Kaletra], oral solution, cool, Bottle 5 x 60 ml","Lopinavir/Ritonavir 80/20mg/ml [Kaletra], oral solution, cool, Bottle 5 x 60 ml",80/20mg/ml,300,710,Weight Captured Separately,43.58,0.15,60.65
"Efavirenz 600mg, tablets, 30 Tabs","Efavirenz 600mg, tablets, 30 Tabs",600mg,30,53234,4507,4.67,0.16,535.99
"Atazanavir/Ritonavir 300/100mg, tablets, 30 Tabs","Atazanavir/Ritonavir 300/100mg, tablets, 30 Tabs",300/100mg,30,24666,See ASN-33614 (ID#:36005),18,0.6,456.42
"Efavirenz 50mg, capsule, 30 Caps","Efavirenz 50mg, capsule, 30 Caps",50mg,30,14802,951,1.56,0.05,23.74
"Tenofovir Disoproxil Fumarate 300mg, tablets, 30 Tabs","Tenofovir Disoproxil Fumarate 300mg, tablets, 30 Tabs",300mg,30,58423,4007,7.03,0.23,885.5
"Abacavir 300mg, tablets, 60 Tabs","Abacavir 300mg, tablets, 60 Tabs",300mg,60,293,See ASN-18664 (ID#:19406),12.9,0.22,4.68
"Didanosine 25mg [Videx], chewable tablets, 60 Tabs","Didanosine 25mg [Videx], chewable tablets, 60 Tabs",25mg,60,228,Weight Captured Separately,45.62,0.76,17.16
"HIV 1/2, SKB Colloidal Gold, Diagnostic Kit, Antibody, 50 Tests","HIV 1/2, SKB Colloidal Gold, Diagnostic Kit, Antibody, 50 Tests",,1,1600,1130,24.5,24.5,46.14
"Lamivudine 150mg, tablets, 60 Tabs","Lamivudine 150mg, tablets, 60 Tabs",150mg,60,75000,2915,2.42,0.04,391.31
"HIV 1/2, SKB Colloidal Gold, Diagnostic Kit, Antibody, 50 Tests","HIV 1/2, SKB Colloidal Gold, Diagnostic Kit, Antibody, 50 Tests",,1,40,30,23,23,1.98
"Lamivudine/Nevirapine/Zidovudine 150/200/300mg, tablets, 60 Tabs","Lamivudine/Nevirapine/Zidovudine 150/200/300mg, tablets, 60 Tabs",150/300/200mg,60,6238,866,8.1,0.13,62.5
"HIV 1/2, Determine Complete HIV Kit, 100 Tests","HIV 1/2, Determine Complete HIV Kit, 100 Tests",,100,350,See ASN-27328 (ID#:27829),89,0.89,32.02
"Tenofovir Disoproxil Fumarate 300mg, tablets, 30 Tabs","Tenofovir Disoproxil Fumarate 300mg, tablets, 30 Tabs",300mg,30,57577,3950,7.03,0.23,872.68
"HIV 1/2, SKB Colloidal Gold, Diagnostic Kit, Antibody, 50 Tests","HIV 1/2, SKB Colloidal Gold, Diagnostic Kit, Antibody, 50 Tests",,1,350,240,24.5,24.5,8.82
"HIV 1/2, Bioline 3.0 Kit, Lancets, Capillary pipets, Alcohol swabs included, 25 Tests","HIV 1/2, Bioline 3.0 Kit, Lancets, Capillary pipets, Alcohol swabs included, 25 Tests",,25,350,111,20.5,0.82,7.38
"HIV 1/2, Determine Complete HIV Kit, 100 Tests","HIV 1/2, Determine Complete HIV Kit, 100 Tests",,100,4,1413,89,0.89,0.5
"Stavudine 20mg [Zerit], capsules, 60 Caps","Stavudine 20mg [Zerit], capsules, 60 Caps",20mg,60,71,Weight Captured Separately,5.18,0.09,0.45
"HIV 1/2, Determine Complete HIV Kit, 100 Tests","HIV 1/2, Determine Complete HIV Kit, 100 Tests",,100,8000,3247,80,0.8,657.92
"Efavirenz 600mg, tablets, 30 Tabs","Efavirenz 600mg, tablets, 30 Tabs",600mg,30,30000,2957,4.13,0.14,204.44
"Abacavir 20mg/ml, oral solution w/syringe, Bottle, 240 ml","Abacavir 20mg/ml, oral solution w/syringe, Bottle, 240 ml",20mg/ml,240,35,Weight Captured Separately,27.42,0.11,1.19
"HIV 1/2, Stat-Pak HIV, Kit, 20 Tests","HIV 1/2, Stat-Pak HIV, Kit, 20 Tests",,20,600,172,31,1.55,19.12
"Lopinavir/Ritonavir 200/50mg [Aluvia], tablets, 120 Tabs","Lopinavir/Ritonavir 200/50mg [Aluvia], tablets, 120 Tabs",200/50mg,120,57,Weight Captured Separately,25.76,0.21,1.82
"Lamivudine/Nevirapine/Zidovudine 150/200/300mg, tablets, 60 Tabs","Lamivudine/Nevirapine/Zidovudine 150/200/300mg, tablets, 60 Tabs",150/300/200mg,60,12700,1572,11.15,0.19,277.55
"Efavirenz 600mg, tablets, 30 Tabs","Efavirenz 600mg, tablets, 30 Tabs",600mg,30,31875,3005,4.67,0.16,320.93
"Efavirenz/Lamivudine/Tenofovir Disoproxil Fumarate 600/300/300mg, tablets, 30 Tabs","Efavirenz/Lamivudine/Tenofovir Disoproxil Fumarate 600/300/300mg, tablets, 30 Tabs",600/300/300mg,30,2865,332,11.49,0.38,40.72
"Lamivudine/Zidovudine 150/300mg, tablets, 60 Tabs","Lamivudine/Zidovudine 150/300mg, tablets, 60 Tabs",150/300mg,60,26,Weight Captured Separately,23,0.38,0.61
"Lamivudine/Nevirapine/Zidovudine 150/200/300mg, tablets, 60 Tabs","Lamivudine/Nevirapine/Zidovudine 150/200/300mg, tablets, 60 Tabs",150/300/200mg,60,24816,3392,8.11,0.14,206.89
"Lopinavir/Ritonavir 80/20mg/ml [Kaletra], oral solution, cool, Bottle 5 x 60 ml","Lopinavir/Ritonavir 80/20mg/ml [Kaletra], oral solution, cool, Bottle 5 x 60 ml",80/20mg/ml,300,6490,5747,30.82,0.1,235.43
"HIV 1/2, Uni-Gold HIV Kit, 20 Tests","HIV 1/2, Uni-Gold HIV Kit, 20 Tests",,20,7500,2440,32,1.6,396
"Lamivudine 150mg, tablets, 60 Tabs","Lamivudine 150mg, tablets, 60 Tabs",150mg,60,37366,2162,2.1,0.04,110.01
"Emtricitabine/Tenofovir Disoproxil Fumarate 200/300mg, tablets, 30 Tabs","Emtricitabine/Tenofovir Disoproxil Fumarate 200/300mg, tablets, 30 Tabs",200/300mg,30,302,Weight Captured Separately,33.33,1.11,12.45
"Nevirapine 200mg, tablets, 60 Tabs","Nevirapine 200mg, tablets, 60 Tabs",200mg,60,45750,See ASN-28761 (ID#:38632),2.08,0.03,97.82
"HIV, Multispot HIV-1/HIV-2 Rapid Test Kit, 50 Tests","HIV, Multispot HIV-1/HIV-2 Rapid Test Kit, 50 Tests",,50,80,Weight Captured Separately,1345.64,26.91,126.71
"Lamivudine 150mg, tablets, 60 Tabs","Lamivudine 150mg, tablets, 60 Tabs",150mg,60,212409,10302,2.47,0.04,1131.15
"Didanosine 250mg, delayed-release capsules, 30 Caps","Didanosine 250mg, delayed-release capsules, 30 Caps",250mg,30,3775,257,13,0.43,80.97
"HIV 1/2, Determine Complete HIV Kit, 100 Tests","HIV 1/2, Determine Complete HIV Kit, 100 Tests",,100,9363,3800,89,0.89,1030.8
"HIV 1/2, Determine Complete HIV Kit, 100 Tests","HIV 1/2, Determine Complete HIV Kit, 100 Tests",,100,3031,1231,89,0.89,333.69
"Lamivudine 10mg/ml, oral solution w/syringe, Bottle, 240 ml","Lamivudine 10mg/ml, oral solution w/syringe, Bottle, 240 ml",10mg/ml,240,3528,1296,1.85,0.01,9.15
"Stavudine 30mg, capsules, 60 Caps","Stavudine 30mg, capsules, 60 Caps",30mg,60,9227,Weight Captured Separately,4.03,0.07,45.96
"HIV 1/2, Uni-Gold HIV Kit, 20 Tests","HIV 1/2, Uni-Gold HIV Kit, 20 Tests",,20,167,61,32,1.6,7.49
"Lopinavir/Ritonavir 200/50mg [Aluvia], tablets, 120 Tabs","Lopinavir/Ritonavir 200/50mg [Aluvia], tablets, 120 Tabs",200/50mg,120,2426,Weight Captured Separately,83.83,0.7,335.56
"Lamivudine 10mg/ml, oral solution w/syringe, Bottle, 240 ml","Lamivudine 10mg/ml, oral solution w/syringe, Bottle, 240 ml",10mg/ml,240,16500,Weight Captured Separately,3.07,0.01,109.16
"Emtricitabine/Tenofovir Disoproxil Fumarate 200/300mg, tablets, 30 Tabs","Emtricitabine/Tenofovir Disoproxil Fumarate 200/300mg, tablets, 30 Tabs",200/300mg,30,16,Weight Captured Separately,33.72,1.12,0.67
"HIV 1/2, Uni-Gold HIV Kit, 20 Tests","HIV 1/2, Uni-Gold HIV Kit, 20 Tests",,20,1513,410,32,1.6,67.88
"Lamivudine 150mg, tablets, 60 Tabs","Lamivudine 150mg, tablets, 60 Tabs",150mg,60,130828,6525,2.42,0.04,682.6
"Lamivudine 150mg, tablets, 60 Tabs","Lamivudine 150mg, tablets, 60 Tabs",150mg,60,98,Weight Captured Separately,7.05,0.12,0.71
"Zidovudine 300mg, tablets, 60 Tabs","Zidovudine 300mg, tablets, 60 Tabs",300mg,60,15,Weight Captured Separately,19.33,0.32,0.3
"Tenofovir Disoproxil Fumarate 300mg, tablets, 30 Tabs","Tenofovir Disoproxil Fumarate 300mg, tablets, 30 Tabs",300mg,30,11711,1093,6.91,0.23,174.47
"Efavirenz 600mg, tablets, 30 Tabs","Efavirenz 600mg, tablets, 30 Tabs",600mg,30,47227,4959,5.78,0.19,535.03
"Ritonavir 80mg/ml [Norvir], oral solution, cool, Bottle, 90 ml","Ritonavir 80mg/ml [Norvir], oral solution, cool, Bottle, 90 ml",80mg/ml,90,6,Weight Captured Separately,9.67,0.11,0.11
"Abacavir 300mg, tablets, 60 Tabs","Abacavir 300mg, tablets, 60 Tabs",300mg,60,3,Weight Captured Separately,64.58,1.08,0.2
"Stavudine 30mg, capsules, 60 Caps","Stavudine 30mg, capsules, 60 Caps",30mg,60,2000,Weight Captured Separately,4.62,0.08,19.92
"Nevirapine 200mg, tablets, 60 Tabs","Nevirapine 200mg, tablets, 60 Tabs",200mg,60,8586,544,2.33,0.04,28.05
"Lamivudine/Tenofovir Disoproxil Fumarate 300/300mg, tablets, 30 Tabs","Lamivudine/Tenofovir Disoproxil Fumarate 300/300mg, tablets, 30 Tabs",300/300mg,30,15187,See ASN-27582 (ID#:79885),4.62,0.15,72.13
"Nevirapine 200mg, tablets, 60 Tabs","Nevirapine 200mg, tablets, 60 Tabs",200mg,60,24,Weight Captured Separately,17.75,0.3,0.44
"Efavirenz 600mg, tablets, 30 Tabs","Efavirenz 600mg, tablets, 30 Tabs",600mg,30,39049,3669,4.67,0.16,393.17
"HIV 1/2, Determine Complete HIV Kit, 100 Tests","HIV 1/2, Determine Complete HIV Kit, 100 Tests",,100,30,See ASN-32108 (ID#:53922),89,0.89,3.14
"Abacavir 60mg, dispersible tablets, 60 Tabs","Abacavir 60mg, dispersible tablets, 60 Tabs",60mg,60,800,Weight Captured Separately,4.5,0.08,4.24
"Stavudine 30mg, capsules, 60 Caps","Stavudine 30mg, capsules, 60 Caps",30mg,60,15572,See ASN-9408 (ID#:39263),1.45,0.02,48.68
"Efavirenz 600mg, tablets, 30 Tabs","Efavirenz 600mg, tablets, 30 Tabs",600mg,30,5000,See ASN-29372 (ID#:71477),3.5,0.12,17.99
"Didanosine 2g [Videx], powder for oral solution 10mg/ml, reconstitute to 200 ml","Didanosine 2g [Videx], powder for oral solution 10mg/ml, reconstitute to 200 ml",2g,200,98,22,12.59,0.06,1.53
"Nevirapine 200mg [Viramune], tablets, 60 Tabs","Nevirapine 200mg [Viramune], tablets, 60 Tabs",200mg,60,2400,Weight Captured Separately,20.31,0.34,95.53
"Lamivudine/Zidovudine 150/300mg, tablets, 60 Tabs","Lamivudine/Zidovudine 150/300mg, tablets, 60 Tabs",150/300mg,60,400,70,8.76,0.15,6.87
"Nevirapine 200mg, tablets, 60 Tabs","Nevirapine 200mg, tablets, 60 Tabs",200mg,60,318,105,2.9,0.05,1.81
"Nevirapine 200mg, tablets, 60 Tabs","Nevirapine 200mg, tablets, 60 Tabs",200mg,60,2600,373,2.9,0.05,14.78
"Lamivudine/Nevirapine/Stavudine 150/200/30mg, tablets, 60 Tabs","Lamivudine/Nevirapine/Stavudine 150/200/30mg, tablets, 60 Tabs",150/200/30mg,60,76000,8701,6.66,0.11,992.07
"Zidovudine 300mg, tablets, 60 Tabs","Zidovudine 300mg, tablets, 60 Tabs",300mg,60,1697,6725,7.53,0.13,25.05
"Lamivudine/Stavudine 150/30mg, tablets, 60 Tabs","Lamivudine/Stavudine 150/30mg, tablets, 60 Tabs",150/30mg,60,1060,56,3.8,0.06,7.89
"Stavudine 30mg, capsules, 60 Caps","Stavudine 30mg, capsules, 60 Caps",30mg,60,1260,82,1.46,0.02,3.61
"Lamivudine 150mg, tablets, 60 Tabs","Lamivudine 150mg, tablets, 60 Tabs",150mg,60,5907,283,2.44,0.04,28.25
"Zidovudine 300mg, tablets, 60 Tabs","Zidovudine 300mg, tablets, 60 Tabs",300mg,60,4730,260,7.53,0.13,69.81
"Zidovudine 300mg, tablets, 60 Tabs","Zidovudine 300mg, tablets, 60 Tabs",300mg,60,92,363,7.71,0.13,1.39
"Zidovudine 300mg, tablets, 60 Tabs","Zidovudine 300mg, tablets, 60 Tabs",300mg,60,10000,546,7.53,0.13,147.59
"Lamivudine/Nevirapine/Zidovudine 150/200/300mg, tablets, 60 Tabs","Lamivudine/Nevirapine/Zidovudine 150/200/300mg, tablets, 60 Tabs",150/300/200mg,60,59,12,11.22,0.19,1.3
"Zidovudine 10mg/ml, oral solution, Bottle, 240 ml","Zidovudine 10mg/ml, oral solution, Bottle, 240 ml",10mg/ml,240,3648,2571,2.02,0.01,15.89
"Tenofovir Disoproxil Fumarate 300mg, tablets, 30 Tabs","Tenofovir Disoproxil Fumarate 300mg, tablets, 30 Tabs",300mg,30,3040,163,8.53,0.28,50.83
"Nevirapine 10mg/ml, oral suspension, Bottle, 240 ml","Nevirapine 10mg/ml, oral suspension, Bottle, 240 ml",10mg/ml,240,3635,1345,1.92,0.01,15.05
"Lamivudine/Nevirapine/Zidovudine 150/200/300mg, tablets, 60 Tabs","Lamivudine/Nevirapine/Zidovudine 150/200/300mg, tablets, 60 Tabs",150/300/200mg,60,30060,3508,11.22,0.19,661.06
"Lamivudine/Zidovudine 150/300mg, tablets, 60 Tabs","Lamivudine/Zidovudine 150/300mg, tablets, 60 Tabs",150/300mg,60,12000,1077,8.76,0.15,226.64
"Efavirenz 600mg, tablets, 30 Tabs","Efavirenz 600mg, tablets, 30 Tabs",600mg,30,10000,2156,5.78,0.19,113.29
"Lamivudine 150mg, tablets, 60 Tabs","Lamivudine 150mg, tablets, 60 Tabs",150mg,60,1939,See DN-1628 (ID#:82291),2.44,0.04,9.27
"Lamivudine/Nevirapine/Stavudine 150/200/30mg, tablets, 60 Tabs","Lamivudine/Nevirapine/Stavudine 150/200/30mg, tablets, 60 Tabs",150/200/30mg,60,58097,19451,6.47,0.11,736.74
"Zidovudine 300mg, tablets, 60 Tabs","Zidovudine 300mg, tablets, 60 Tabs",300mg,60,25020,1387,7.53,0.13,369.27
"Nevirapine 200mg, tablets, 60 Tabs","Nevirapine 200mg, tablets, 60 Tabs",200mg,60,600,306,2.73,0.05,3.53
"Efavirenz 600mg, tablets, 30 Tabs","Efavirenz 600mg, tablets, 30 Tabs",600mg,30,1900,4000,5.13,0.17,21.01
"Lamivudine 150mg, tablets, 60 Tabs","Lamivudine 150mg, tablets, 60 Tabs",150mg,60,3519,2538,2.44,0.04,16.83
"Didanosine 200mg, chewable/dispersible tablets, 60 Tabs","Didanosine 200mg, chewable/dispersible tablets, 60 Tabs",200mg,60,1907,395,15.5,0.26,57.93
"Didanosine 200mg, chewable/dispersible tablets, 60 Tabs","Didanosine 200mg, chewable/dispersible tablets, 60 Tabs",200mg,60,260,54,15.5,0.26,8.69
"Lamivudine 150mg, tablets, 60 Tabs","Lamivudine 150mg, tablets, 60 Tabs",150mg,60,342,17,2.44,0.04,1.8
"Lamivudine/Nevirapine/Zidovudine 150/200/300mg, tablets, 60 Tabs","Lamivudine/Nevirapine/Zidovudine 150/200/300mg, tablets, 60 Tabs",150/300/200mg,60,2121,248,11.22,0.19,51.31
"Emtricitabine/Tenofovir Disoproxil Fumarate 200/300mg, tablets, 30 Tabs","Emtricitabine/Tenofovir Disoproxil Fumarate 200/300mg, tablets, 30 Tabs",200/300mg,30,3060,247,11.75,0.39,77.52
"Lamivudine/Tenofovir Disoproxil Fumarate 300/300mg, tablets, 30 Tabs","Lamivudine/Tenofovir Disoproxil Fumarate 300/300mg, tablets, 30 Tabs",300/300mg,30,799,65,10,0.33,17.23
"Efavirenz 600mg, tablets, 30 Tabs","Efavirenz 600mg, tablets, 30 Tabs",600mg,30,8000,687,5.13,0.17,88.48
"Lamivudine/Zidovudine 150/300mg, tablets, 60 Tabs","Lamivudine/Zidovudine 150/300mg, tablets, 60 Tabs",150/300mg,60,155,14,8.76,0.15,2.93
"Emtricitabine/Tenofovir Disoproxil Fumarate 200/300mg, tablets, 30 Tabs","Emtricitabine/Tenofovir Disoproxil Fumarate 200/300mg, tablets, 30 Tabs",200/300mg,30,3598,290,11.75,0.39,91.15
"Tenofovir Disoproxil Fumarate 300mg, tablets, 30 Tabs","Tenofovir Disoproxil Fumarate 300mg, tablets, 30 Tabs",300mg,30,500,28,8.14,0.27,8.77
"Lamivudine/Zidovudine 150/300mg, tablets, 60 Tabs","Lamivudine/Zidovudine 150/300mg, tablets, 60 Tabs",150/300mg,60,80,8,8.76,0.15,1.51
"Nevirapine 200mg, tablets, 60 Tabs","Nevirapine 200mg, tablets, 60 Tabs",200mg,60,18799,1098,2.73,0.05,110.65
"Zidovudine 300mg, tablets, 60 Tabs","Zidovudine 300mg, tablets, 60 Tabs",300mg,60,586,30,7.5,0.12,9.48
"Lamivudine/Zidovudine 150/300mg, tablets, 60 Tabs","Lamivudine/Zidovudine 150/300mg, tablets, 60 Tabs",150/300mg,60,17896,1188,8.76,0.15,307.27
"Lamivudine/Stavudine 150/30mg, tablets, 60 Tabs","Lamivudine/Stavudine 150/30mg, tablets, 60 Tabs",150/30mg,60,140,17,3.4,0.06,1.03
"Didanosine 100mg, chewable/dispersible tablets, 60 Tabs","Didanosine 100mg, chewable/dispersible tablets, 60 Tabs",100mg,60,2500,526,7.72,0.13,37.83
"Efavirenz 600mg, tablets, 30 Tabs","Efavirenz 600mg, tablets, 30 Tabs",600mg,30,12250,1866,4.75,0.16,125.45
"Zidovudine 300mg, tablets, 60 Tabs","Zidovudine 300mg, tablets, 60 Tabs",300mg,60,2000,88,7.21,0.12,31.09
"Lamivudine/Nevirapine/Zidovudine 150/200/300mg, tablets, 60 Tabs","Lamivudine/Nevirapine/Zidovudine 150/200/300mg, tablets, 60 Tabs",150/300/200mg,60,5218,617,11.22,0.19,126.23
"Efavirenz/Emtricitabine/Tenofovir Disoproxil Fumarate 600/200/300mg, tablets, 30 Tabs","Efavirenz/Emtricitabine/Tenofovir Disoproxil Fumarate 600/200/300mg, tablets, 30 Tabs",600/200/300mg,30,30000,3289,19.92,0.66,1288.43
"Lamivudine/Nevirapine/Zidovudine 150/200/300mg, tablets, 60 Tabs","Lamivudine/Nevirapine/Zidovudine 150/200/300mg, tablets, 60 Tabs",150/300/200mg,60,18000,2281,11.22,0.19,435.43
"Lamivudine/Nevirapine/Zidovudine 150/200/300mg, tablets, 60 Tabs","Lamivudine/Nevirapine/Zidovudine 150/200/300mg, tablets, 60 Tabs",150/300/200mg,60,4400,527,11.22,0.19,106.44
"Lamivudine/Stavudine 150/30mg, tablets, 60 Tabs","Lamivudine/Stavudine 150/30mg, tablets, 60 Tabs",150/30mg,60,5800,12791,3.28,0.05,41.02
"Lamivudine/Nevirapine/Zidovudine 150/200/300mg, tablets, 60 Tabs","Lamivudine/Nevirapine/Zidovudine 150/200/300mg, tablets, 60 Tabs",150/300/200mg,60,109554,20316,11.22,0.19,2650.15
"Nevirapine 200mg, tablets, 60 Tabs","Nevirapine 200mg, tablets, 60 Tabs",200mg,60,11000,1070,2.66,0.04,63.08
"Lamivudine/Nevirapine/Zidovudine 150/200/300mg, tablets, 60 Tabs","Lamivudine/Nevirapine/Zidovudine 150/200/300mg, tablets, 60 Tabs",150/300/200mg,60,43050,5067,11.22,0.19,1041.39
"Lamivudine/Nevirapine/Zidovudine 150/200/300mg, tablets, 60 Tabs","Lamivudine/Nevirapine/Zidovudine 150/200/300mg, tablets, 60 Tabs",150/300/200mg,60,22571,2657,11.22,0.19,546
"Lamivudine/Zidovudine 150/300mg, tablets, 60 Tabs","Lamivudine/Zidovudine 150/300mg, tablets, 60 Tabs",150/300mg,60,22560,1928,8.76,0.15,387.35
"Lamivudine/Nevirapine/Zidovudine 150/200/300mg, tablets, 60 Tabs","Lamivudine/Nevirapine/Zidovudine 150/200/300mg, tablets, 60 Tabs",150/300/200mg,60,62410,7701,11.22,0.19,1509.72
"Stavudine 20mg, capsules, 60 Caps","Stavudine 20mg, capsules, 60 Caps",20mg,60,1620,See DN-1867 (ID#:82326),1.43,0.02,4.99
"Stavudine 30mg, capsules, 60 Caps","Stavudine 30mg, capsules, 60 Caps",30mg,60,7560,2027,1.41,0.02,22.98
"Abacavir 20mg/ml, oral solution, Bottle, 240 ml","Abacavir 20mg/ml, oral solution, Bottle, 240 ml",20mg/ml,240,672,2979,13.6,0.06,19.7
"Efavirenz 600mg, tablets, 30 Tabs","Efavirenz 600mg, tablets, 30 Tabs",600mg,30,2750,10313,4.6,0.15,27.27
"Efavirenz 600mg, tablets, 30 Tabs","Efavirenz 600mg, tablets, 30 Tabs",600mg,30,19454,See DN-1875 (ID#:82330),4.6,0.15,192.94
"Nevirapine 10mg/ml, oral suspension, Bottle, 240 ml","Nevirapine 10mg/ml, oral suspension, Bottle, 240 ml",10mg/ml,240,3872,1438,1.83,0.01,15.28
"Nevirapine 10mg/ml, oral suspension, Bottle, 240 ml","Nevirapine 10mg/ml, oral suspension, Bottle, 240 ml",10mg/ml,240,3872,1451,1.83,0.01,15.28
"Lopinavir/Ritonavir 200/50mg [Aluvia], tablets, 120 Tabs","Lopinavir/Ritonavir 200/50mg [Aluvia], tablets, 120 Tabs",200/50mg,120,3240,731,36.16,0.3,252.59
"Lamivudine 150mg, tablets, 60 Tabs","Lamivudine 150mg, tablets, 60 Tabs",150mg,60,6570,307,2.44,0.04,34.56
"Zidovudine 300mg, tablets, 60 Tabs","Zidovudine 300mg, tablets, 60 Tabs",300mg,60,20000,1096,7.5,0.12,323.4
"Efavirenz/Emtricitabine/Tenofovir Disoproxil Fumarate 600/200/300mg, tablets, 30 Tabs","Efavirenz/Emtricitabine/Tenofovir Disoproxil Fumarate 600/200/300mg, tablets, 30 Tabs",600/200/300mg,30,7400,668,19.92,0.66,317.81
"Lamivudine/Tenofovir Disoproxil Fumarate 300/300mg, tablets, 30 Tabs","Lamivudine/Tenofovir Disoproxil Fumarate 300/300mg, tablets, 30 Tabs",300/300mg,30,18522,1668,10,0.33,399.33
"Lamivudine/Nevirapine/Zidovudine 150/200/300mg, tablets, 60 Tabs","Lamivudine/Nevirapine/Zidovudine 150/200/300mg, tablets, 60 Tabs",150/300/200mg,60,44131,5364,11.22,0.19,1067.54
"Tenofovir Disoproxil Fumarate 300mg, tablets, 30 Tabs","Tenofovir Disoproxil Fumarate 300mg, tablets, 30 Tabs",300mg,30,3000,269,7.3,0.24,47.22
"Abacavir 300mg, tablets, 60 Tabs","Abacavir 300mg, tablets, 60 Tabs",300mg,60,23340,2344,16.44,0.27,827.28
"Emtricitabine/Tenofovir Disoproxil Fumarate 200/300mg, tablets, 30 Tabs","Emtricitabine/Tenofovir Disoproxil Fumarate 200/300mg, tablets, 30 Tabs",200/300mg,30,6203,560,11.75,0.39,157.14
"Lamivudine/Nevirapine/Zidovudine 150/200/300mg, tablets, 60 Tabs","Lamivudine/Nevirapine/Zidovudine 150/200/300mg, tablets, 60 Tabs",150/300/200mg,60,32040,4212,11.22,0.19,775.06
"Stavudine 30mg, capsules, 60 Caps","Stavudine 30mg, capsules, 60 Caps",30mg,60,5670,317,1.41,0.02,17.24
"Lamivudine 150mg, tablets, 60 Tabs","Lamivudine 150mg, tablets, 60 Tabs",150mg,60,2000,84,2.33,0.04,10.05
"Tenofovir Disoproxil Fumarate 300mg, tablets, 30 Tabs","Tenofovir Disoproxil Fumarate 300mg, tablets, 30 Tabs",300mg,30,2200,6587,7.3,0.24,34.63
"Abacavir 300mg, tablets, 60 Tabs","Abacavir 300mg, tablets, 60 Tabs",300mg,60,330,86,16.44,0.27,11.7
"Emtricitabine/Tenofovir Disoproxil Fumarate 200/300mg, tablets, 30 Tabs","Emtricitabine/Tenofovir Disoproxil Fumarate 200/300mg, tablets, 30 Tabs",200/300mg,30,140554,16961,11.75,0.39,3560.65
"Lamivudine/Zidovudine 150/300mg, tablets, 60 Tabs","Lamivudine/Zidovudine 150/300mg, tablets, 60 Tabs",150/300mg,60,64241,6234,8.55,0.14,1184.21
"Lamivudine/Nevirapine/Zidovudine 150/200/300mg, tablets, 60 Tabs","Lamivudine/Nevirapine/Zidovudine 150/200/300mg, tablets, 60 Tabs",150/300/200mg,60,208501,28237,11.22,0.19,5043.71
"Didanosine 100mg, chewable/dispersible tablets, 60 Tabs","Didanosine 100mg, chewable/dispersible tablets, 60 Tabs",100mg,60,336,89,7.72,0.13,5.59
"Abacavir 20mg/ml, oral solution w/syringe, Bottle, 240 ml","Abacavir 20mg/ml, oral solution w/syringe, Bottle, 240 ml",20mg/ml,240,36,7889,13.7,0.06,1.06
"Lamivudine 10mg/ml, oral solution w/syringe, Bottle, 240 ml","Lamivudine 10mg/ml, oral solution w/syringe, Bottle, 240 ml",10mg/ml,240,2415,See DN-2035 (ID#:82356),1.85,0.01,9.63
"Abacavir 20mg/ml, oral solution, Bottle, 240 ml","Abacavir 20mg/ml, oral solution, Bottle, 240 ml",20mg/ml,240,588,215,13.6,0.06,17.24
"Lamivudine/Stavudine 150/30mg, tablets, 60 Tabs","Lamivudine/Stavudine 150/30mg, tablets, 60 Tabs",150/30mg,60,2996,6022,3.2,0.05,20.67
"Lamivudine 150mg, tablets, 60 Tabs","Lamivudine 150mg, tablets, 60 Tabs",150mg,60,649,1787,2.33,0.04,2.5
"Nevirapine 10mg/ml, oral suspension w/syringe, Bottle, 240 ml","Nevirapine 10mg/ml, oral suspension w/syringe, Bottle, 240 ml",10mg/ml,240,628,232,1.95,0.01,2.64
"Zidovudine 10mg/ml, oral solution, Bottle, 240 ml","Zidovudine 10mg/ml, oral solution, Bottle, 240 ml",10mg/ml,240,3872,7755,2.02,0.01,16.86
"Lamivudine 150mg, tablets, 60 Tabs","Lamivudine 150mg, tablets, 60 Tabs",150mg,60,10131,493,2.33,0.04,38.95
"Lamivudine/Nevirapine/Zidovudine 150/200/300mg, tablets, 60 Tabs","Lamivudine/Nevirapine/Zidovudine 150/200/300mg, tablets, 60 Tabs",150/300/200mg,60,4176,567,11.22,0.19,77.31
"Zidovudine 10mg/ml, oral solution, Bottle, 240 ml","Zidovudine 10mg/ml, oral solution, Bottle, 240 ml",10mg/ml,240,3000,1190,2.02,0.01,10
"Lamivudine/Nevirapine/Zidovudine 150/200/300mg, tablets, 60 Tabs","Lamivudine/Nevirapine/Zidovudine 150/200/300mg, tablets, 60 Tabs",150/300/200mg,60,141764,70109,11.22,0.19,3429.32
"Tenofovir Disoproxil Fumarate 300mg, tablets, 30 Tabs","Tenofovir Disoproxil Fumarate 300mg, tablets, 30 Tabs",300mg,30,1467,9,6.57,0.22,15.9
"Abacavir/Lamivudine 600/300mg, scored tablets, 30 Tabs","Abacavir/Lamivudine 600/300mg, scored tablets, 30 Tabs",600/300mg,30,2610,1195,22.5,0.75,126.61
"Lamivudine/Zidovudine 150/300mg, tablets, 60 Tabs","Lamivudine/Zidovudine 150/300mg, tablets, 60 Tabs",150/300mg,60,2316,386,8.55,0.14,32.67
"Lamivudine/Nevirapine/Zidovudine 150/200/300mg, tablets, 60 Tabs","Lamivudine/Nevirapine/Zidovudine 150/200/300mg, tablets, 60 Tabs",150/300/200mg,60,117367,17496,11.22,0.19,2839.15
"Lamivudine/Tenofovir Disoproxil Fumarate 300/300mg, tablets, 30 Tabs","Lamivudine/Tenofovir Disoproxil Fumarate 300/300mg, tablets, 30 Tabs",300/300mg,30,97100,14340,8.82,0.29,1846.45
"Nevirapine 10mg/ml, oral suspension w/syringe, Bottle, 240 ml","Nevirapine 10mg/ml, oral suspension w/syringe, Bottle, 240 ml",10mg/ml,240,1000,369,1.95,0.01,3.22
"Tenofovir Disoproxil Fumarate 300mg, tablets, 30 Tabs","Tenofovir Disoproxil Fumarate 300mg, tablets, 30 Tabs",300mg,30,6993,629,6.57,0.22,75.81
"Tenofovir Disoproxil Fumarate 300mg, tablets, 30 Tabs","Tenofovir Disoproxil Fumarate 300mg, tablets, 30 Tabs",300mg,30,859,12232,6.57,0.22,9.31
"Lamivudine/Stavudine 150/30mg, tablets, 60 Tabs","Lamivudine/Stavudine 150/30mg, tablets, 60 Tabs",150/30mg,60,2786,213,3.28,0.05,19.7
"Zidovudine 100mg, capsules, 100 Caps","Zidovudine 100mg, capsules, 100 Caps",100mg,100,1242,260,4.84,0.05,12.96
"Efavirenz 200mg, capsule, 90 Caps","Efavirenz 200mg, capsule, 90 Caps",200mg,90,1260,194,9.71,0.11,26.38
"Lamivudine/Nevirapine/Zidovudine 150/200/300mg, tablets, 60 Tabs","Lamivudine/Nevirapine/Zidovudine 150/200/300mg, tablets, 60 Tabs",150/300/200mg,60,100000,14983,11.22,0.19,1851.3
"Efavirenz 600mg, tablets, 30 Tabs","Efavirenz 600mg, tablets, 30 Tabs",600mg,30,57468,4915,4.32,0.14,409.63
"Efavirenz 600mg, tablets, 30 Tabs","Efavirenz 600mg, tablets, 30 Tabs",600mg,30,6392,571,4.34,0.14,59.81
"Lamivudine/Nevirapine/Zidovudine 30/50/60mg, dispersible tablets, 60 Tabs","Lamivudine/Nevirapine/Zidovudine 30/50/60mg, dispersible tablets, 60 Tabs",30/50/60mg,60,35000,2032,4.25,0.07,320.7
"Zidovudine 100mg, capsules, 100 Caps","Zidovudine 100mg, capsules, 100 Caps",100mg,100,1043,332,4.76,0.05,8.19
"Lamivudine/Tenofovir Disoproxil Fumarate 300/300mg, tablets, 30 Tabs","Lamivudine/Tenofovir Disoproxil Fumarate 300/300mg, tablets, 30 Tabs",300/300mg,30,27558,Weight Captured Separately,8.63,0.29,392.41
"Efavirenz 200mg, capsule, 90 Caps","Efavirenz 200mg, capsule, 90 Caps",200mg,90,1280,177,9.69,0.11,20.47
"Nevirapine 10mg/ml, oral suspension, Bottle, 240 ml","Nevirapine 10mg/ml, oral suspension, Bottle, 240 ml",10mg/ml,240,20000,7469,1.8,0.01,59.4
"Lamivudine/Nevirapine/Stavudine 150/200/30mg, tablets, 60 Tabs","Lamivudine/Nevirapine/Stavudine 150/200/30mg, tablets, 60 Tabs",150/200/30mg,60,51722,9134,5.38,0.09,599.94
"Didanosine 125mg, delayed-release capsules, 30 Caps","Didanosine 125mg, delayed-release capsules, 30 Caps",125mg,30,124,8,8.5,0.28,2.27
"Emtricitabine/Tenofovir Disoproxil Fumarate 200/300mg, tablets, 30 Tabs","Emtricitabine/Tenofovir Disoproxil Fumarate 200/300mg, tablets, 30 Tabs",200/300mg,30,10015,846,10.92,0.36,180.45
"Nevirapine 200mg, tablets, 60 Tabs","Nevirapine 200mg, tablets, 60 Tabs",200mg,60,451,698,2.51,0.04,1.87
"Lamivudine/Zidovudine 150/300mg, tablets, 60 Tabs","Lamivudine/Zidovudine 150/300mg, tablets, 60 Tabs",150/300mg,60,15107,1409,8.26,0.14,205.89
"Lamivudine/Tenofovir Disoproxil Fumarate 300/300mg, tablets, 30 Tabs","Lamivudine/Tenofovir Disoproxil Fumarate 300/300mg, tablets, 30 Tabs",300/300mg,30,10114,1019,8.63,0.29,188.18
"Lamivudine/Nevirapine/Zidovudine 150/200/300mg, tablets, 60 Tabs","Lamivudine/Nevirapine/Zidovudine 150/200/300mg, tablets, 60 Tabs",150/300/200mg,60,160058,26409,11.22,0.19,2963.15
"Lamivudine/Nevirapine/Zidovudine 150/200/300mg, tablets, 60 Tabs","Lamivudine/Nevirapine/Zidovudine 150/200/300mg, tablets, 60 Tabs",150/300/200mg,60,119098,15808,11.22,0.19,2204.86
"Tenofovir Disoproxil Fumarate 300mg, tablets, 30 Tabs","Tenofovir Disoproxil Fumarate 300mg, tablets, 30 Tabs",300mg,30,2447,138,6.42,0.21,25.92
"Nevirapine 10mg/ml, oral suspension w/syringe, Bottle, 240 ml","Nevirapine 10mg/ml, oral suspension w/syringe, Bottle, 240 ml",10mg/ml,240,11326,4274,1.95,0.01,36.44
"Lamivudine/Nevirapine/Zidovudine 150/200/300mg, tablets, 60 Tabs","Lamivudine/Nevirapine/Zidovudine 150/200/300mg, tablets, 60 Tabs",150/300/200mg,60,12169,7916,11.22,0.19,225.28
"Zidovudine 300mg, tablets, 60 Tabs","Zidovudine 300mg, tablets, 60 Tabs",300mg,60,726,199,7.02,0.12,8.41
"Lamivudine 150mg, tablets, 60 Tabs","Lamivudine 150mg, tablets, 60 Tabs",150mg,60,4300,220,2.33,0.04,16.53
"Emtricitabine/Tenofovir Disoproxil Fumarate 200/300mg, tablets, 30 Tabs","Emtricitabine/Tenofovir Disoproxil Fumarate 200/300mg, tablets, 30 Tabs",200/300mg,30,115089,11004,9.8,0.33,1860.99
"Lamivudine/Zidovudine 150/300mg, tablets, 60 Tabs","Lamivudine/Zidovudine 150/300mg, tablets, 60 Tabs",150/300mg,60,3446,6622,8.26,0.14,46.97
"Lamivudine/Zidovudine 150/300mg, tablets, 60 Tabs","Lamivudine/Zidovudine 150/300mg, tablets, 60 Tabs",150/300mg,60,61567,See DN-2358 (ID#:82405),8.26,0.14,839.1
"Abacavir 300mg, tablets, 60 Tabs","Abacavir 300mg, tablets, 60 Tabs",300mg,60,4224,1926,14.63,0.24,101.97
"Lamivudine/Nevirapine/Zidovudine 150/200/300mg, tablets, 60 Tabs","Lamivudine/Nevirapine/Zidovudine 150/200/300mg, tablets, 60 Tabs",150/300/200mg,60,10900,See DN-2360 (ID#:82407),11.22,0.19,201.79
"Nevirapine 10mg/ml, oral suspension w/syringe, Bottle, 240 ml","Nevirapine 10mg/ml, oral suspension w/syringe, Bottle, 240 ml",10mg/ml,240,1292,483,1.95,0.01,4.16
"Lamivudine/Tenofovir Disoproxil Fumarate 300/300mg, tablets, 30 Tabs","Lamivudine/Tenofovir Disoproxil Fumarate 300/300mg, tablets, 30 Tabs",300/300mg,30,30000,2641,8.23,0.27,407.38
"Nevirapine 10mg/ml, oral suspension w/syringe, Bottle, 240 ml","Nevirapine 10mg/ml, oral suspension w/syringe, Bottle, 240 ml",10mg/ml,240,13993,5262,1.95,0.01,45.02
"Efavirenz/Emtricitabine/Tenofovir Disoproxil Fumarate 600/200/300mg, tablets, 30 Tabs","Efavirenz/Emtricitabine/Tenofovir Disoproxil Fumarate 600/200/300mg, tablets, 30 Tabs",600/200/300mg,30,4163,483,19.92,0.66,136.83
"Nevirapine 10mg/ml, oral suspension w/syringe, Bottle, 240 ml","Nevirapine 10mg/ml, oral suspension w/syringe, Bottle, 240 ml",10mg/ml,240,26337,9931,1.95,0.01,84.74
"Lamivudine/Tenofovir Disoproxil Fumarate 300/300mg, tablets, 30 Tabs","Lamivudine/Tenofovir Disoproxil Fumarate 300/300mg, tablets, 30 Tabs",300/300mg,30,24346,2391,7.82,0.26,314.14
"Lamivudine/Nevirapine/Zidovudine 150/200/300mg, tablets, 60 Tabs","Lamivudine/Nevirapine/Zidovudine 150/200/300mg, tablets, 60 Tabs",150/300/200mg,60,105160,28277,11.22,0.19,1946.83
"Nevirapine 10mg/ml, oral suspension w/syringe, Bottle, 240 ml","Nevirapine 10mg/ml, oral suspension w/syringe, Bottle, 240 ml",10mg/ml,240,2930,1102,1.95,0.01,9.43
"Lamivudine 150mg, tablets, 60 Tabs","Lamivudine 150mg, tablets, 60 Tabs",150mg,60,8100,387,2.33,0.04,31.14
"Nevirapine 10mg/ml, oral suspension w/syringe, Bottle, 240 ml","Nevirapine 10mg/ml, oral suspension w/syringe, Bottle, 240 ml",10mg/ml,240,12861,4836,1.95,0.01,41.38
"Zidovudine 300mg, tablets, 60 Tabs","Zidovudine 300mg, tablets, 60 Tabs",300mg,60,6200,2652,7.02,0.12,61.02
"Lamivudine/Nevirapine/Zidovudine 150/200/300mg, tablets, 60 Tabs","Lamivudine/Nevirapine/Zidovudine 150/200/300mg, tablets, 60 Tabs",150/300/200mg,60,107325,12669,11.22,0.19,1986.91
"Abacavir 20mg/ml, oral solution w/syringe, Bottle, 240 ml","Abacavir 20mg/ml, oral solution w/syringe, Bottle, 240 ml",20mg/ml,240,2335,9523,12.5,0.05,48.16
"Efavirenz/Emtricitabine/Tenofovir Disoproxil Fumarate 600/200/300mg, tablets, 30 Tabs","Efavirenz/Emtricitabine/Tenofovir Disoproxil Fumarate 600/200/300mg, tablets, 30 Tabs",600/200/300mg,30,11723,1305,19.92,0.66,385.31
"Lamivudine 150mg, tablets, 60 Tabs","Lamivudine 150mg, tablets, 60 Tabs",150mg,60,4700,264,2.33,0.04,18.07
"Emtricitabine/Tenofovir Disoproxil Fumarate 200/300mg, tablets, 30 Tabs","Emtricitabine/Tenofovir Disoproxil Fumarate 200/300mg, tablets, 30 Tabs",200/300mg,30,5950,631,8.97,0.3,88.06
"Didanosine 200mg, chewable/dispersible tablets, 60 Tabs","Didanosine 200mg, chewable/dispersible tablets, 60 Tabs",200mg,60,3765,303,15,0.25,93.18
"Nevirapine 200mg, tablets, 60 Tabs","Nevirapine 200mg, tablets, 60 Tabs",200mg,60,60000,9746,2.58,0.04,255.42
"Lamivudine/Nevirapine/Zidovudine 150/200/300mg, tablets, 60 Tabs","Lamivudine/Nevirapine/Zidovudine 150/200/300mg, tablets, 60 Tabs",150/300/200mg,60,9887,20845,11.22,0.19,183.04
"Lamivudine/Zidovudine 150/300mg, tablets, 60 Tabs","Lamivudine/Zidovudine 150/300mg, tablets, 60 Tabs",150/300mg,60,14081,6410,8.26,0.14,191.91
"Lamivudine/Tenofovir Disoproxil Fumarate 300/300mg, tablets, 30 Tabs","Lamivudine/Tenofovir Disoproxil Fumarate 300/300mg, tablets, 30 Tabs",300/300mg,30,43441,3263,8.23,0.27,589.91
"Lamivudine/Zidovudine 150/300mg, tablets, 60 Tabs","Lamivudine/Zidovudine 150/300mg, tablets, 60 Tabs",150/300mg,60,1500,147,8.26,0.14,17.37
"Efavirenz 600mg, tablets, 30 Tabs","Efavirenz 600mg, tablets, 30 Tabs",600mg,30,200693,17947,4.22,0.14,1397.43
"Nevirapine 200mg, tablets, 60 Tabs","Nevirapine 200mg, tablets, 60 Tabs",200mg,60,13836,1332,2.51,0.04,57.3
"Lamivudine/Zidovudine 150/300mg, tablets, 60 Tabs","Lamivudine/Zidovudine 150/300mg, tablets, 60 Tabs",150/300mg,60,97,46,8.26,0.14,1.12
"Nevirapine 200mg, tablets, 60 Tabs","Nevirapine 200mg, tablets, 60 Tabs",200mg,60,16,42,2.58,0.04,0.06
"Lamivudine/Nevirapine/Zidovudine 150/200/300mg, tablets, 60 Tabs","Lamivudine/Nevirapine/Zidovudine 150/200/300mg, tablets, 60 Tabs",150/300/200mg,60,54,Weight Captured Separately,11,0.18,0.83
"Lamivudine/Nevirapine/Zidovudine 150/200/300mg, tablets, 60 Tabs","Lamivudine/Nevirapine/Zidovudine 150/200/300mg, tablets, 60 Tabs",150/300/200mg,60,28,13,11,0.18,0.43
"Lamivudine/Nevirapine/Zidovudine 150/200/300mg, tablets, 60 Tabs","Lamivudine/Nevirapine/Zidovudine 150/200/300mg, tablets, 60 Tabs",150/300/200mg,60,1176,308,11,0.18,18.14
"Lamivudine 150mg, tablets, 60 Tabs","Lamivudine 150mg, tablets, 60 Tabs",150mg,60,9980,642,2.33,0.04,32.6
"Lopinavir/Ritonavir 200/50mg, tablets, 120 Tabs","Lopinavir/Ritonavir 200/50mg, tablets, 120 Tabs",200/50mg,120,147,See DN-2500 (ID#:82436),33.74,0.28,6.95
"Nevirapine 200mg, tablets, 60 Tabs","Nevirapine 200mg, tablets, 60 Tabs",200mg,60,341,See DN-2500 (ID#:82436),2.58,0.04,1.23
"Zidovudine 300mg, tablets, 60 Tabs","Zidovudine 300mg, tablets, 60 Tabs",300mg,60,913,288,7.02,0.12,8.99
"Zidovudine 300mg, tablets, 60 Tabs","Zidovudine 300mg, tablets, 60 Tabs",300mg,60,1029,324,7.02,0.12,10.13
"Zidovudine 300mg, tablets, 60 Tabs","Zidovudine 300mg, tablets, 60 Tabs",300mg,60,98,65,7.02,0.12,0.96
"Lamivudine/Tenofovir Disoproxil Fumarate 300/300mg, tablets, 30 Tabs","Lamivudine/Tenofovir Disoproxil Fumarate 300/300mg, tablets, 30 Tabs",300/300mg,30,20,70,6.08,0.2,0.17
"Lamivudine/Tenofovir Disoproxil Fumarate 300/300mg, tablets, 30 Tabs","Lamivudine/Tenofovir Disoproxil Fumarate 300/300mg, tablets, 30 Tabs",300/300mg,30,103,1072,6.08,0.2,0.88
"Abacavir 300mg, tablets, 60 Tabs","Abacavir 300mg, tablets, 60 Tabs",300mg,60,27452,3898,15.04,0.25,681.25
"Nevirapine 200mg, tablets, 60 Tabs","Nevirapine 200mg, tablets, 60 Tabs",200mg,60,2870,277,2.45,0.04,11.6
"Lamivudine 150mg, tablets, 60 Tabs","Lamivudine 150mg, tablets, 60 Tabs",150mg,60,6,6,2.33,0.04,0.02
"Lamivudine 150mg, tablets, 60 Tabs","Lamivudine 150mg, tablets, 60 Tabs",150mg,60,20,1,2.33,0.04,0.07
"Abacavir 300mg, tablets, 60 Tabs","Abacavir 300mg, tablets, 60 Tabs",300mg,60,7548,13472,14.63,0.24,154.82
"Efavirenz 50mg, capsule, 30 Caps","Efavirenz 50mg, capsule, 30 Caps",50mg,30,18732,1090,2.24,0.07,69.23
"Lamivudine/Nevirapine/Zidovudine 150/200/300mg, tablets, 60 Tabs","Lamivudine/Nevirapine/Zidovudine 150/200/300mg, tablets, 60 Tabs",150/300/200mg,60,92352,10832,11.22,0.19,1709.71
"Abacavir 20mg/ml, oral solution w/syringe, Bottle, 240 ml","Abacavir 20mg/ml, oral solution w/syringe, Bottle, 240 ml",20mg/ml,240,2176,821,12.5,0.05,44.88
"Tenofovir Disoproxil Fumarate 300mg, tablets, 30 Tabs","Tenofovir Disoproxil Fumarate 300mg, tablets, 30 Tabs",300mg,30,2160,1122,5.5,0.18,19.6
"Zidovudine 300mg, tablets, 60 Tabs","Zidovudine 300mg, tablets, 60 Tabs",300mg,60,150000,10142,7.02,0.12,1737.45
"Efavirenz/Emtricitabine/Tenofovir Disoproxil Fumarate 600/200/300mg, tablets, 30 Tabs","Efavirenz/Emtricitabine/Tenofovir Disoproxil Fumarate 600/200/300mg, tablets, 30 Tabs",600/200/300mg,30,26798,3203,16.73,0.56,628.56
"Nevirapine 200mg, tablets, 60 Tabs","Nevirapine 200mg, tablets, 60 Tabs",200mg,60,100000,18672,2.58,0.04,361.72
"Lopinavir/Ritonavir 200/50mg [Aluvia], tablets, 120 Tabs","Lopinavir/Ritonavir 200/50mg [Aluvia], tablets, 120 Tabs",200/50mg,120,1313,276,33.74,0.28,62.11
"Lamivudine/Zidovudine 150/300mg, tablets, 60 Tabs","Lamivudine/Zidovudine 150/300mg, tablets, 60 Tabs",150/300mg,60,250,See DN-2581 (ID#:82457),8.26,0.14,2.9
"Emtricitabine/Tenofovir Disoproxil Fumarate 200/300mg, tablets, 30 Tabs","Emtricitabine/Tenofovir Disoproxil Fumarate 200/300mg, tablets, 30 Tabs",200/300mg,30,95243,14487,8.97,0.3,1197.77
"Emtricitabine/Tenofovir Disoproxil Fumarate 200/300mg, tablets, 30 Tabs","Emtricitabine/Tenofovir Disoproxil Fumarate 200/300mg, tablets, 30 Tabs",200/300mg,30,50000,See DN-2582 (ID#:82459),8.97,0.3,628.8
"HIV 1/2, Uni-Gold HIV Kit, 20 Tests","HIV 1/2, Uni-Gold HIV Kit, 20 Tests",,20,1000,334,32,1.6,44.86
"Lamivudine/Nevirapine/Zidovudine 150/200/300mg, tablets, 60 Tabs","Lamivudine/Nevirapine/Zidovudine 150/200/300mg, tablets, 60 Tabs",150/300/200mg,60,5525,1414,11,0.18,85.21
"Lamivudine/Tenofovir Disoproxil Fumarate 300/300mg, tablets, 30 Tabs","Lamivudine/Tenofovir Disoproxil Fumarate 300/300mg, tablets, 30 Tabs",300/300mg,30,3900,See DN-2597 (ID#:82462),6.08,0.2,33.24
"Nevirapine 200mg, tablets, 60 Tabs","Nevirapine 200mg, tablets, 60 Tabs",200mg,60,1700,See DN-2597 (ID#:82462),2.51,0.04,5.98
"Lamivudine/Zidovudine 150/300mg, tablets, 60 Tabs","Lamivudine/Zidovudine 150/300mg, tablets, 60 Tabs",150/300mg,60,22340,20975,8.26,0.14,304.47
"Zidovudine 300mg, tablets, 60 Tabs","Zidovudine 300mg, tablets, 60 Tabs",300mg,60,13860,662,7.02,0.12,136.41
"Lamivudine/Zidovudine 150/300mg, tablets, 60 Tabs","Lamivudine/Zidovudine 150/300mg, tablets, 60 Tabs",150/300mg,60,3345,21063,8,0.13,44.15
"Abacavir 300mg, tablets, 60 Tabs","Abacavir 300mg, tablets, 60 Tabs",300mg,60,350,36,13.15,0.22,6.45
"Efavirenz 600mg, tablets, 30 Tabs","Efavirenz 600mg, tablets, 30 Tabs",600mg,30,45840,5486,3.91,0.13,251.29
"Efavirenz/Emtricitabine/Tenofovir Disoproxil Fumarate 600/200/300mg, tablets, 30 Tabs","Efavirenz/Emtricitabine/Tenofovir Disoproxil Fumarate 600/200/300mg, tablets, 30 Tabs",600/200/300mg,30,50000,6078,16.27,0.54,1140.53
"Lamivudine/Zidovudine 150/300mg, tablets, 60 Tabs","Lamivudine/Zidovudine 150/300mg, tablets, 60 Tabs",150/300mg,60,29980,2721,7.78,0.13,327.01
"Lamivudine/Tenofovir Disoproxil Fumarate 300/300mg, tablets, 30 Tabs","Lamivudine/Tenofovir Disoproxil Fumarate 300/300mg, tablets, 30 Tabs",300/300mg,30,1500,729,5.54,0.18,11.65
"Nevirapine 200mg, tablets, 60 Tabs","Nevirapine 200mg, tablets, 60 Tabs",200mg,60,750,See DN-2643 (ID#:82471),2.44,0.04,2.57
"Lopinavir/Ritonavir 200/50mg, tablets, 120 Tabs","Lopinavir/Ritonavir 200/50mg, tablets, 120 Tabs",200/50mg,120,6899,1859,29.68,0.25,287.08
"Nevirapine 200mg, tablets, 60 Tabs","Nevirapine 200mg, tablets, 60 Tabs",200mg,60,16873,8433,2.44,0.04,67.93
"Lamivudine 150mg, tablets, 60 Tabs","Lamivudine 150mg, tablets, 60 Tabs",150mg,60,10020,645,2.33,0.04,32.73
"Efavirenz/Emtricitabine/Tenofovir Disoproxil Fumarate 600/200/300mg, tablets, 30 Tabs","Efavirenz/Emtricitabine/Tenofovir Disoproxil Fumarate 600/200/300mg, tablets, 30 Tabs",600/200/300mg,30,150000,17001,16.27,0.54,4026.82
"Efavirenz/Emtricitabine/Tenofovir Disoproxil Fumarate 600/200/300mg, tablets, 30 Tabs","Efavirenz/Emtricitabine/Tenofovir Disoproxil Fumarate 600/200/300mg, tablets, 30 Tabs",600/200/300mg,30,10000,1133,16.73,0.56,234.55
"Lamivudine/Zidovudine 150/300mg, tablets, 60 Tabs","Lamivudine/Zidovudine 150/300mg, tablets, 60 Tabs",150/300mg,60,69684,6798,7.78,0.13,760.08
"Nevirapine 10mg/ml, oral suspension w/syringe, Bottle, 240 ml","Nevirapine 10mg/ml, oral suspension w/syringe, Bottle, 240 ml",10mg/ml,240,60968,53692,1.95,0.01,166.68
"Lamivudine/Nevirapine/Zidovudine 150/200/300mg, tablets, 60 Tabs","Lamivudine/Nevirapine/Zidovudine 150/200/300mg, tablets, 60 Tabs",150/300/200mg,60,220000,28776,11,0.18,3392.84
"Efavirenz 600mg, tablets, 30 Tabs","Efavirenz 600mg, tablets, 30 Tabs",600mg,30,70000,6889,3.91,0.13,383.73
"Lamivudine/Zidovudine 150/300mg, tablets, 60 Tabs","Lamivudine/Zidovudine 150/300mg, tablets, 60 Tabs",150/300mg,60,3345,7095,7.78,0.13,42.94
"Zidovudine 300mg, tablets, 60 Tabs","Zidovudine 300mg, tablets, 60 Tabs",300mg,60,36192,2036,7.02,0.12,419.21
"Lamivudine/Zidovudine 150/300mg, tablets, 60 Tabs","Lamivudine/Zidovudine 150/300mg, tablets, 60 Tabs",150/300mg,60,3345,7114,7.78,0.13,42.94
"Lamivudine 150mg, tablets, 60 Tabs","Lamivudine 150mg, tablets, 60 Tabs",150mg,60,9900,451,2.33,0.04,32.34
"Nevirapine 200mg, tablets, 60 Tabs","Nevirapine 200mg, tablets, 60 Tabs",200mg,60,40000,3771,2.44,0.04,136.84
"Efavirenz 600mg, tablets, 30 Tabs","Efavirenz 600mg, tablets, 30 Tabs",600mg,30,50000,4944,3.81,0.13,267.08
"Lamivudine/Tenofovir Disoproxil Fumarate 300/300mg, tablets, 30 Tabs","Lamivudine/Tenofovir Disoproxil Fumarate 300/300mg, tablets, 30 Tabs",300/300mg,30,60000,4547,5.54,0.18,466.02
"Lamivudine/Nevirapine/Zidovudine 150/200/300mg, tablets, 60 Tabs","Lamivudine/Nevirapine/Zidovudine 150/200/300mg, tablets, 60 Tabs",150/300/200mg,60,157,836,9.81,0.16,2.16
"Lamivudine/Nevirapine/Zidovudine 150/200/300mg, tablets, 60 Tabs","Lamivudine/Nevirapine/Zidovudine 150/200/300mg, tablets, 60 Tabs",150/300/200mg,60,80032,11720,9.81,0.16,1100.73
"Tenofovir Disoproxil Fumarate 300mg, tablets, 30 Tabs","Tenofovir Disoproxil Fumarate 300mg, tablets, 30 Tabs",300mg,30,1499,123,4.82,0.16,10.13
"Abacavir 300mg, tablets, 60 Tabs","Abacavir 300mg, tablets, 60 Tabs",300mg,60,2548,3090,12.96,0.22,46.3
"Lamivudine/Zidovudine 150/300mg, tablets, 60 Tabs","Lamivudine/Zidovudine 150/300mg, tablets, 60 Tabs",150/300mg,60,52378,7666,7.72,0.13,566.91
"Lamivudine/Nevirapine/Zidovudine 150/200/300mg, tablets, 60 Tabs","Lamivudine/Nevirapine/Zidovudine 150/200/300mg, tablets, 60 Tabs",150/300/200mg,60,72107,9348,9.81,0.16,991.73
"Efavirenz/Emtricitabine/Tenofovir Disoproxil Fumarate 600/200/300mg, tablets, 30 Tabs","Efavirenz/Emtricitabine/Tenofovir Disoproxil Fumarate 600/200/300mg, tablets, 30 Tabs",600/200/300mg,30,14880,1674,15.04,0.5,313.76
"Lamivudine/Tenofovir Disoproxil Fumarate 300/300mg, tablets, 30 Tabs","Lamivudine/Tenofovir Disoproxil Fumarate 300/300mg, tablets, 30 Tabs",300/300mg,30,44881,7191,5.36,0.18,396.93
"Zidovudine 10mg/ml, oral solution w/syringe, Bottle, 240 ml","Zidovudine 10mg/ml, oral solution w/syringe, Bottle, 240 ml",10mg/ml,240,7150,2778,2.1,0.01,21.05
"Zidovudine 100mg, capsules, 100 Caps","Zidovudine 100mg, capsules, 100 Caps",100mg,100,490,4359,4.7,0.05,3.23
"Lamivudine 150mg, tablets, 60 Tabs","Lamivudine 150mg, tablets, 60 Tabs",150mg,60,64347,5950,2.22,0.04,200.28
"Lamivudine/Zidovudine 150/300mg, tablets, 60 Tabs","Lamivudine/Zidovudine 150/300mg, tablets, 60 Tabs",150/300mg,60,52770,16510,7.72,0.13,571.15
"Lamivudine/Tenofovir Disoproxil Fumarate 300/300mg, tablets, 30 Tabs","Lamivudine/Tenofovir Disoproxil Fumarate 300/300mg, tablets, 30 Tabs",300/300mg,30,20201,3865,5.54,0.18,156.9
"Zidovudine 300mg, tablets, 60 Tabs","Zidovudine 300mg, tablets, 60 Tabs",300mg,60,16258,2321,6.76,0.11,181.34
"Nevirapine 200mg, tablets, 60 Tabs","Nevirapine 200mg, tablets, 60 Tabs",200mg,60,18867,17125,2.44,0.04,64.54
"Lamivudine/Zidovudine 150/300mg, tablets, 60 Tabs","Lamivudine/Zidovudine 150/300mg, tablets, 60 Tabs",150/300mg,60,84900,18204,7.78,0.13,926.05
"Lamivudine 150mg, tablets, 60 Tabs","Lamivudine 150mg, tablets, 60 Tabs",150mg,60,57984,3144,2.33,0.04,189.41
"Efavirenz 600mg, tablets, 30 Tabs","Efavirenz 600mg, tablets, 30 Tabs",600mg,30,60000,5000,3.91,0.13,328.91
"Abacavir 300mg, tablets, 60 Tabs","Abacavir 300mg, tablets, 60 Tabs",300mg,60,18620,1928,13.15,0.22,343.28
"Lamivudine 150mg, tablets, 60 Tabs","Lamivudine 150mg, tablets, 60 Tabs",150mg,60,270,513,2.22,0.04,0.84
"Lamivudine/Tenofovir Disoproxil Fumarate 300/300mg, tablets, 30 Tabs","Lamivudine/Tenofovir Disoproxil Fumarate 300/300mg, tablets, 30 Tabs",300/300mg,30,36390,3863,5.54,0.18,282.64
"Efavirenz 600mg, tablets, 30 Tabs","Efavirenz 600mg, tablets, 30 Tabs",600mg,30,2000,4026,3.81,0.13,10.68
"Emtricitabine/Tenofovir Disoproxil Fumarate 200/300mg, tablets, 30 Tabs","Emtricitabine/Tenofovir Disoproxil Fumarate 200/300mg, tablets, 30 Tabs",200/300mg,30,167825,26199,6.59,0.22,1550.57
"Lamivudine 150mg, tablets, 60 Tabs","Lamivudine 150mg, tablets, 60 Tabs",150mg,60,1659,958,2.22,0.04,5.16
"Lopinavir/Ritonavir 200/50mg, tablets, 120 Tabs","Lopinavir/Ritonavir 200/50mg, tablets, 120 Tabs",200/50mg,120,24097,6375,26.7,0.22,902.03
"Efavirenz/Lamivudine/Tenofovir Disoproxil Fumarate 600/300/300mg, tablets, 30 Tabs","Efavirenz/Lamivudine/Tenofovir Disoproxil Fumarate 600/300/300mg, tablets, 30 Tabs",600/300/300mg,30,59989,7242,13.27,0.44,1116.07
"Lamivudine/Nevirapine/Zidovudine 150/200/300mg, tablets, 60 Tabs","Lamivudine/Nevirapine/Zidovudine 150/200/300mg, tablets, 60 Tabs",150/300/200mg,60,152000,43571,9.62,0.16,2050.06
"Lamivudine/Tenofovir Disoproxil Fumarate 300/300mg, tablets, 30 Tabs","Lamivudine/Tenofovir Disoproxil Fumarate 300/300mg, tablets, 30 Tabs",300/300mg,30,10000,4486,5.36,0.18,75.15
"Lopinavir/Ritonavir 200/50mg, tablets, 120 Tabs","Lopinavir/Ritonavir 200/50mg, tablets, 120 Tabs",200/50mg,120,503,123,26.7,0.22,18.83
"Efavirenz 200mg, scored tablets, 90 Tabs","Efavirenz 200mg, scored tablets, 90 Tabs",200mg,90,4120,253,7.3,0.08,42.17
"Abacavir/Lamivudine 600/300mg, scored tablets, 30 Tabs","Abacavir/Lamivudine 600/300mg, scored tablets, 30 Tabs",600/300mg,30,2500,2147,22.5,0.75,78.86
"Nevirapine 200mg, tablets, 60 Tabs","Nevirapine 200mg, tablets, 60 Tabs",200mg,60,200000,12028,2.42,0.04,678.57
"Efavirenz/Lamivudine/Tenofovir Disoproxil Fumarate 600/300/300mg, tablets, 30 Tabs","Efavirenz/Lamivudine/Tenofovir Disoproxil Fumarate 600/300/300mg, tablets, 30 Tabs",600/300/300mg,30,125014,14275,13.27,0.44,2325.83
"Lamivudine/Tenofovir Disoproxil Fumarate 300/300mg, tablets, 30 Tabs","Lamivudine/Tenofovir Disoproxil Fumarate 300/300mg, tablets, 30 Tabs",300/300mg,30,26432,5212,5.36,0.18,198.63
"Lamivudine/Nevirapine/Zidovudine 150/200/300mg, tablets, 60 Tabs","Lamivudine/Nevirapine/Zidovudine 150/200/300mg, tablets, 60 Tabs",150/300/200mg,60,97516,12104,9.7,0.16,1326.16
"Lamivudine/Tenofovir Disoproxil Fumarate 300/300mg, tablets, 30 Tabs","Lamivudine/Tenofovir Disoproxil Fumarate 300/300mg, tablets, 30 Tabs",300/300mg,30,188201,23127,5.36,0.18,1414.28
"Lamivudine/Nevirapine/Stavudine 30/50/6mg, dispersible tablets, 60 Tabs","Lamivudine/Nevirapine/Stavudine 30/50/6mg, dispersible tablets, 60 Tabs",30/50/6mg,60,20451,10118,2.3,0.04,65.95
"Nevirapine 200mg, tablets, 60 Tabs","Nevirapine 200mg, tablets, 60 Tabs",200mg,60,16870,7973,2.42,0.04,57.24
"Lamivudine/Nevirapine/Zidovudine 150/200/300mg, tablets, 60 Tabs","Lamivudine/Nevirapine/Zidovudine 150/200/300mg, tablets, 60 Tabs",150/300/200mg,60,13830,2400,9.62,0.16,186.53
"Lamivudine/Tenofovir Disoproxil Fumarate 300/300mg, tablets, 30 Tabs","Lamivudine/Tenofovir Disoproxil Fumarate 300/300mg, tablets, 30 Tabs",300/300mg,30,66637,25523,5.36,0.18,500.76
"Efavirenz 600mg, tablets, 30 Tabs","Efavirenz 600mg, tablets, 30 Tabs",600mg,30,14368,4409,3.64,0.12,73.32
"Lamivudine/Tenofovir Disoproxil Fumarate 300/300mg, tablets, 30 Tabs","Lamivudine/Tenofovir Disoproxil Fumarate 300/300mg, tablets, 30 Tabs",300/300mg,30,9767,852,5.36,0.18,73.4
"Lamivudine/Nevirapine/Zidovudine 150/200/300mg, tablets, 60 Tabs","Lamivudine/Nevirapine/Zidovudine 150/200/300mg, tablets, 60 Tabs",150/300/200mg,60,15120,5754,8.97,0.15,190.15
"Lamivudine/Tenofovir Disoproxil Fumarate 300/300mg, tablets, 30 Tabs","Lamivudine/Tenofovir Disoproxil Fumarate 300/300mg, tablets, 30 Tabs",300/300mg,30,5580,1187,4.81,0.16,37.63
"Lamivudine/Zidovudine 150/300mg, tablets, 60 Tabs","Lamivudine/Zidovudine 150/300mg, tablets, 60 Tabs",150/300mg,60,647,5897,7.27,0.12,5.82
"Efavirenz/Lamivudine/Tenofovir Disoproxil Fumarate 600/300/300mg, tablets, 30 Tabs","Efavirenz/Lamivudine/Tenofovir Disoproxil Fumarate 600/300/300mg, tablets, 30 Tabs",600/300/300mg,30,2952,See DN-2981 (ID#:82538),12.11,0.4,44.22
"Lamivudine/Zidovudine 150/300mg, tablets, 60 Tabs","Lamivudine/Zidovudine 150/300mg, tablets, 60 Tabs",150/300mg,60,7867,704,7.27,0.12,80.18
"Emtricitabine/Tenofovir Disoproxil Fumarate 200/300mg, tablets, 30 Tabs","Emtricitabine/Tenofovir Disoproxil Fumarate 200/300mg, tablets, 30 Tabs",200/300mg,30,100000,8850,6.38,0.21,894.48
"Efavirenz/Emtricitabine/Tenofovir Disoproxil Fumarate 600/200/300mg, tablets, 30 Tabs","Efavirenz/Emtricitabine/Tenofovir Disoproxil Fumarate 600/200/300mg, tablets, 30 Tabs",600/200/300mg,30,7126,2261,13.69,0.46,136.77
"Lamivudine/Tenofovir Disoproxil Fumarate 300/300mg, tablets, 30 Tabs","Lamivudine/Tenofovir Disoproxil Fumarate 300/300mg, tablets, 30 Tabs",300/300mg,30,10000,1387,4.7,0.16,65.89
"Lamivudine/Tenofovir Disoproxil Fumarate 300/300mg, tablets, 30 Tabs","Lamivudine/Tenofovir Disoproxil Fumarate 300/300mg, tablets, 30 Tabs",300/300mg,30,6500,677,4.7,0.16,42.83
"Nevirapine 200mg, tablets, 60 Tabs","Nevirapine 200mg, tablets, 60 Tabs",200mg,60,32298,6528,2.26,0.04,90.29
"Nevirapine 10mg/ml, oral suspension w/syringe, Bottle, 240 ml","Nevirapine 10mg/ml, oral suspension w/syringe, Bottle, 240 ml",10mg/ml,240,2976,1108,1.95,0.01,7.18
"Nevirapine 200mg, tablets, 60 Tabs","Nevirapine 200mg, tablets, 60 Tabs",200mg,60,33571,12785,2.26,0.04,106.37
"Lamivudine/Nevirapine/Zidovudine 150/200/300mg, tablets, 60 Tabs","Lamivudine/Nevirapine/Zidovudine 150/200/300mg, tablets, 60 Tabs",150/300/200mg,60,15120,23677,8.58,0.14,181.88
"Efavirenz/Lamivudine/Tenofovir Disoproxil Fumarate 600/300/300mg, tablets, 30 Tabs","Efavirenz/Lamivudine/Tenofovir Disoproxil Fumarate 600/300/300mg, tablets, 30 Tabs",600/300/300mg,30,20160,2268,12.11,0.4,302
"Lamivudine/Stavudine 30/6mg, dispersible tablets, 60 Tabs","Lamivudine/Stavudine 30/6mg, dispersible tablets, 60 Tabs",30/6mg,60,7372,5453,1.9,0.03,19.64
"Lamivudine/Nevirapine/Stavudine 30/50/6mg, dispersible tablets, 60 Tabs","Lamivudine/Nevirapine/Stavudine 30/50/6mg, dispersible tablets, 60 Tabs",30/50/6mg,60,28220,See DN-3032 (ID#:82551),2.3,0.04,91
"Lamivudine/Zidovudine 30/60mg, tablets, 60 Tabs","Lamivudine/Zidovudine 30/60mg, tablets, 60 Tabs",30/60mg,60,1731,76,2.26,0.04,4.84
"Efavirenz 600mg, tablets, 30 Tabs","Efavirenz 600mg, tablets, 30 Tabs",600mg,30,39936,16035,3.33,0.11,164.5
"Tenofovir Disoproxil Fumarate 300mg, tablets, 30 Tabs","Tenofovir Disoproxil Fumarate 300mg, tablets, 30 Tabs",300mg,30,192,See DN-3015 (ID#:82554),4.04,0.13,0.96
"Lamivudine/Zidovudine 150/300mg, tablets, 60 Tabs","Lamivudine/Zidovudine 150/300mg, tablets, 60 Tabs",150/300mg,60,31971,11111,7.27,0.12,325.87
"Lamivudine/Zidovudine 150/300mg, tablets, 60 Tabs","Lamivudine/Zidovudine 150/300mg, tablets, 60 Tabs",150/300mg,60,42805,See DN-3029 (ID#:82556),7.27,0.12,436.29
"Efavirenz/Emtricitabine/Tenofovir Disoproxil Fumarate 600/200/300mg, tablets, 30 Tabs","Efavirenz/Emtricitabine/Tenofovir Disoproxil Fumarate 600/200/300mg, tablets, 30 Tabs",600/200/300mg,30,105014,13392,13.69,0.46,2015.57
"Efavirenz/Lamivudine/Tenofovir Disoproxil Fumarate 600/300/300mg, tablets, 30 Tabs","Efavirenz/Lamivudine/Tenofovir Disoproxil Fumarate 600/300/300mg, tablets, 30 Tabs",600/300/300mg,30,20160,2266,12.11,0.4,302
"Efavirenz 200mg, scored tablets, 90 Tabs","Efavirenz 200mg, scored tablets, 90 Tabs",200mg,90,49,110,7.3,0.08,0.44
"Lamivudine/Nevirapine/Zidovudine 30/50/60mg, dispersible tablets, 60 Tabs","Lamivudine/Nevirapine/Zidovudine 30/50/60mg, dispersible tablets, 60 Tabs",30/50/60mg,60,549,37,4.15,0.07,2.82
"Efavirenz/Lamivudine/Tenofovir Disoproxil Fumarate 600/300/300mg, tablets, 30 Tabs","Efavirenz/Lamivudine/Tenofovir Disoproxil Fumarate 600/300/300mg, tablets, 30 Tabs",600/300/300mg,30,40320,4536,12.11,0.4,604
"Zidovudine 300mg, tablets, 60 Tabs","Zidovudine 300mg, tablets, 60 Tabs",300mg,60,6362,315,6.76,0.11,53.2
"Zidovudine 300mg, tablets, 60 Tabs","Zidovudine 300mg, tablets, 60 Tabs",300mg,60,1927,466,6.76,0.11,16.11
"Zidovudine 300mg, tablets, 60 Tabs","Zidovudine 300mg, tablets, 60 Tabs",300mg,60,4560,230,6.76,0.11,38.13
"Efavirenz 600mg, tablets, 30 Tabs","Efavirenz 600mg, tablets, 30 Tabs",600mg,30,17037,1750,3.33,0.11,70.18
"Lamivudine/Nevirapine/Zidovudine 150/200/300mg, tablets, 60 Tabs","Lamivudine/Nevirapine/Zidovudine 150/200/300mg, tablets, 60 Tabs",150/300/200mg,60,2208,652,8.58,0.14,23.43
"Zidovudine 300mg, tablets, 60 Tabs","Zidovudine 300mg, tablets, 60 Tabs",300mg,60,1530,11337,6.54,0.11,12.38
"Lamivudine/Tenofovir Disoproxil Fumarate 300/300mg, tablets, 30 Tabs","Lamivudine/Tenofovir Disoproxil Fumarate 300/300mg, tablets, 30 Tabs",300/300mg,30,1447,1309,4.7,0.16,8.41
"Efavirenz/Lamivudine/Tenofovir Disoproxil Fumarate 600/300/300mg, tablets, 30 Tabs","Efavirenz/Lamivudine/Tenofovir Disoproxil Fumarate 600/300/300mg, tablets, 30 Tabs",600/300/300mg,30,229285,29934,10.52,0.35,2983.74
"Lamivudine/Nevirapine/Zidovudine 150/200/300mg, tablets, 60 Tabs","Lamivudine/Nevirapine/Zidovudine 150/200/300mg, tablets, 60 Tabs",150/300/200mg,60,120000,36920,8.58,0.14,1273.62
"Nevirapine 200mg, tablets, 60 Tabs","Nevirapine 200mg, tablets, 60 Tabs",200mg,60,57227,4844,2.26,0.04,159.98
"Lamivudine/Nevirapine/Stavudine 30/50/6mg, dispersible tablets, 60 Tabs","Lamivudine/Nevirapine/Stavudine 30/50/6mg, dispersible tablets, 60 Tabs",30/50/6mg,60,475,1982,2.3,0.04,1.35
"Nevirapine 200mg, tablets, 60 Tabs","Nevirapine 200mg, tablets, 60 Tabs",200mg,60,95000,12686,2.26,0.04,265.58
"Lamivudine/Nevirapine/Zidovudine 150/200/300mg, tablets, 60 Tabs","Lamivudine/Nevirapine/Zidovudine 150/200/300mg, tablets, 60 Tabs",150/300/200mg,60,170900,Weight Captured Separately,8.58,0.14,1813.84
"Nevirapine 200mg, tablets, 60 Tabs","Nevirapine 200mg, tablets, 60 Tabs",200mg,60,3480,424,2.26,0.04,9.73
"Efavirenz/Emtricitabine/Tenofovir Disoproxil Fumarate 600/200/300mg, tablets, 30 Tabs","Efavirenz/Emtricitabine/Tenofovir Disoproxil Fumarate 600/200/300mg, tablets, 30 Tabs",600/200/300mg,30,31000,3674,12.96,0.43,496.98
"Efavirenz/Lamivudine/Tenofovir Disoproxil Fumarate 600/300/300mg, tablets, 30 Tabs","Efavirenz/Lamivudine/Tenofovir Disoproxil Fumarate 600/300/300mg, tablets, 30 Tabs",600/300/300mg,30,180000,26361,10.52,0.35,2342.38
"Efavirenz 600mg, tablets, 30 Tabs","Efavirenz 600mg, tablets, 30 Tabs",600mg,30,13481,1296,3.33,0.11,55.53
"Nevirapine 200mg, tablets, 60 Tabs","Nevirapine 200mg, tablets, 60 Tabs",200mg,60,19683,1733,2.26,0.04,55.03
"Lamivudine/Zidovudine 150/300mg, tablets, 60 Tabs","Lamivudine/Zidovudine 150/300mg, tablets, 60 Tabs",150/300mg,60,6246,18808,7,0.12,54.08
"Efavirenz 600mg, tablets, 30 Tabs","Efavirenz 600mg, tablets, 30 Tabs",600mg,30,4032,336,3.33,0.11,16.61
"Lamivudine/Nevirapine/Zidovudine 150/200/300mg, tablets, 60 Tabs","Lamivudine/Nevirapine/Zidovudine 150/200/300mg, tablets, 60 Tabs",150/300/200mg,60,58920,6560,8.58,0.14,625.35
"Nevirapine 200mg, tablets, 60 Tabs","Nevirapine 200mg, tablets, 60 Tabs",200mg,60,225,Weight Captured Separately,2.26,0.04,0.63
"Lamivudine/Stavudine 30/6mg, dispersible tablets, 60 Tabs","Lamivudine/Stavudine 30/6mg, dispersible tablets, 60 Tabs",30/6mg,60,372,33,1.9,0.03,0.87
"Lamivudine/Zidovudine 150/300mg, tablets, 60 Tabs","Lamivudine/Zidovudine 150/300mg, tablets, 60 Tabs",150/300mg,60,10590,5426,7,0.12,91.7
"Efavirenz/Lamivudine/Tenofovir Disoproxil Fumarate 600/300/300mg, tablets, 30 Tabs","Efavirenz/Lamivudine/Tenofovir Disoproxil Fumarate 600/300/300mg, tablets, 30 Tabs",600/300/300mg,30,7404,See DN-3268 (ID#:82595),10.52,0.35,96.35
"Efavirenz 200mg, scored tablets, 90 Tabs","Efavirenz 200mg, scored tablets, 90 Tabs",200mg,90,6823,428,7.3,0.08,61.61
"Efavirenz 600mg, tablets, 30 Tabs","Efavirenz 600mg, tablets, 30 Tabs",600mg,30,40250,4223,3.33,0.11,165.8
"Lopinavir/Ritonavir 200/50mg, tablets, 120 Tabs","Lopinavir/Ritonavir 200/50mg, tablets, 120 Tabs",200/50mg,120,8599,2293,21.78,0.18,231.67
"Efavirenz/Emtricitabine/Tenofovir Disoproxil Fumarate 600/200/300mg, tablets, 30 Tabs","Efavirenz/Emtricitabine/Tenofovir Disoproxil Fumarate 600/200/300mg, tablets, 30 Tabs",600/200/300mg,30,12567,1482,12.3,0.41,191.21
"Lamivudine/Zidovudine 150/300mg, tablets, 60 Tabs","Lamivudine/Zidovudine 150/300mg, tablets, 60 Tabs",150/300mg,60,21158,3653,7.27,0.12,190.27
"Efavirenz 200mg, scored tablets, 90 Tabs","Efavirenz 200mg, scored tablets, 90 Tabs",200mg,90,71,395,9.3,0.1,0.82
"Lamivudine/Zidovudine 150/300mg, tablets, 60 Tabs","Lamivudine/Zidovudine 150/300mg, tablets, 60 Tabs",150/300mg,60,6141,741,7,0.12,53.17
"Lamivudine/Nevirapine/Zidovudine 150/200/300mg, tablets, 60 Tabs","Lamivudine/Nevirapine/Zidovudine 150/200/300mg, tablets, 60 Tabs",150/300/200mg,60,1344,See DN-3335 (ID#:82604),8.26,0.14,13.73
"Efavirenz/Lamivudine/Tenofovir Disoproxil Fumarate 600/300/300mg, tablets, 30 Tabs","Efavirenz/Lamivudine/Tenofovir Disoproxil Fumarate 600/300/300mg, tablets, 30 Tabs",600/300/300mg,30,20160,22074,11.15,0.37,278.06
"Lamivudine/Nevirapine/Stavudine 30/50/6mg, dispersible tablets, 60 Tabs","Lamivudine/Nevirapine/Stavudine 30/50/6mg, dispersible tablets, 60 Tabs",30/50/6mg,60,6097,12213,2.3,0.04,17.35
"Lamivudine/Nevirapine/Zidovudine 150/200/300mg, tablets, 60 Tabs","Lamivudine/Nevirapine/Zidovudine 150/200/300mg, tablets, 60 Tabs",150/300/200mg,60,75000,22700,8.58,0.14,796.01
"Zidovudine 300mg, tablets, 60 Tabs","Zidovudine 300mg, tablets, 60 Tabs",300mg,60,10916,652,6.54,0.11,88.31
"Nevirapine 200mg, tablets, 60 Tabs","Nevirapine 200mg, tablets, 60 Tabs",200mg,60,79999,9404,2.26,0.04,223.65
"Zidovudine 300mg, tablets, 60 Tabs","Zidovudine 300mg, tablets, 60 Tabs",300mg,60,1016,615,5.58,0.09,7.01
"Nevirapine 10mg/ml, oral suspension w/syringe, Bottle, 240 ml","Nevirapine 10mg/ml, oral suspension w/syringe, Bottle, 240 ml",10mg/ml,240,394,See DN-3425 (ID#:82618),1.86,0.01,0.91
"Nevirapine 10mg/ml, oral suspension w/syringe, Bottle, 240 ml","Nevirapine 10mg/ml, oral suspension w/syringe, Bottle, 240 ml",10mg/ml,240,6032,2572,1.95,0.01,14.55
"Efavirenz/Lamivudine/Tenofovir Disoproxil Fumarate 600/300/300mg, tablets, 30 Tabs","Efavirenz/Lamivudine/Tenofovir Disoproxil Fumarate 600/300/300mg, tablets, 30 Tabs",600/300/300mg,30,44840,5065,11.15,0.37,618.46
"Lopinavir/Ritonavir 200/50mg, tablets, 120 Tabs","Lopinavir/Ritonavir 200/50mg, tablets, 120 Tabs",200/50mg,120,1784,475,21,0.18,46.34
"Lamivudine 10mg/ml, oral solution w/syringe, Bottle, 240 ml","Lamivudine 10mg/ml, oral solution w/syringe, Bottle, 240 ml",10mg/ml,240,11000,3930,1.45,0.01,19.73
"Lamivudine/Nevirapine/Zidovudine 30/50/60mg, dispersible tablets, 60 Tabs","Lamivudine/Nevirapine/Zidovudine 30/50/60mg, dispersible tablets, 60 Tabs",30/50/60mg,60,70000,3922,3.89,0.06,336.84
"Lamivudine/Nevirapine/Zidovudine 30/50/60mg, dispersible tablets, 60 Tabs","Lamivudine/Nevirapine/Zidovudine 30/50/60mg, dispersible tablets, 60 Tabs",30/50/60mg,60,92045,5103,3.89,0.06,442.91
"Lopinavir/Ritonavir 200/50mg [Aluvia], tablets, 120 Tabs","Lopinavir/Ritonavir 200/50mg [Aluvia], tablets, 120 Tabs",200/50mg,120,909,8820,19.52,0.16,21.95
"Lamivudine/Stavudine 30/6mg, dispersible tablets, 60 Tabs","Lamivudine/Stavudine 30/6mg, dispersible tablets, 60 Tabs",30/6mg,60,58,Weight Captured Separately,1.9,0.03,0.14
"Lamivudine/Zidovudine 150/300mg, tablets, 60 Tabs","Lamivudine/Zidovudine 150/300mg, tablets, 60 Tabs",150/300mg,60,16000,1412,7,0.12,138.54
"Lamivudine/Nevirapine/Zidovudine 150/200/300mg, tablets, 60 Tabs","Lamivudine/Nevirapine/Zidovudine 150/200/300mg, tablets, 60 Tabs",150/300/200mg,60,39600,17181,8.26,0.14,404.62
"Efavirenz/Lamivudine/Tenofovir Disoproxil Fumarate 600/300/300mg, tablets, 30 Tabs","Efavirenz/Lamivudine/Tenofovir Disoproxil Fumarate 600/300/300mg, tablets, 30 Tabs",600/300/300mg,30,80071,18838,11.15,0.37,1104.38
"Lamivudine/Tenofovir Disoproxil Fumarate 300/300mg, tablets, 30 Tabs","Lamivudine/Tenofovir Disoproxil Fumarate 300/300mg, tablets, 30 Tabs",300/300mg,30,8609,873,4.81,0.16,51.22
"Lamivudine/Nevirapine/Zidovudine 30/50/60mg, dispersible tablets, 60 Tabs","Lamivudine/Nevirapine/Zidovudine 30/50/60mg, dispersible tablets, 60 Tabs",30/50/60mg,60,115211,6428,3.75,0.06,534.44
"Zidovudine 300mg, tablets, 60 Tabs","Zidovudine 300mg, tablets, 60 Tabs",300mg,60,6350,320,5.58,0.09,36.43
"Efavirenz/Lamivudine/Tenofovir Disoproxil Fumarate 600/300/300mg, tablets, 30 Tabs","Efavirenz/Lamivudine/Tenofovir Disoproxil Fumarate 600/300/300mg, tablets, 30 Tabs",600/300/300mg,30,90000,24375,10.52,0.35,1171.19
"Lamivudine/Tenofovir Disoproxil Fumarate 300/300mg, tablets, 30 Tabs","Lamivudine/Tenofovir Disoproxil Fumarate 300/300mg, tablets, 30 Tabs",300/300mg,30,29993,4883,4.7,0.16,174.38
"Abacavir/Lamivudine 60/30mg, tablets, 60 Tabs","Abacavir/Lamivudine 60/30mg, tablets, 60 Tabs",60/30mg,60,23964,Weight Captured Separately,4,0.07,118.57
"Abacavir/Lamivudine 60/30mg, tablets, 60 Tabs","Abacavir/Lamivudine 60/30mg, tablets, 60 Tabs",60/30mg,60,2200,105,4,0.07,10.89
"Abacavir/Lamivudine 60/30mg, tablets, 60 Tabs","Abacavir/Lamivudine 60/30mg, tablets, 60 Tabs",60/30mg,60,5,Weight Captured Separately,4,0.07,0.02
"Lamivudine/Nevirapine/Stavudine 150/200/30mg, tablets, 60 Tabs","Lamivudine/Nevirapine/Stavudine 150/200/30mg, tablets, 60 Tabs",150/200/30mg,60,35533,7654,4.32,0.07,189.88
"Efavirenz/Lamivudine/Tenofovir Disoproxil Fumarate 600/300/300mg, tablets, 30 Tabs","Efavirenz/Lamivudine/Tenofovir Disoproxil Fumarate 600/300/300mg, tablets, 30 Tabs",600/300/300mg,30,66946,36903,10.87,0.36,900.17
"Efavirenz/Lamivudine/Tenofovir Disoproxil Fumarate 600/300/300mg, tablets, 30 Tabs","Efavirenz/Lamivudine/Tenofovir Disoproxil Fumarate 600/300/300mg, tablets, 30 Tabs",600/300/300mg,30,46066,5175,10.87,0.36,619.41
"Lamivudine 150mg, tablets, 60 Tabs","Lamivudine 150mg, tablets, 60 Tabs",150mg,60,1700,2699,2.23,0.04,4.69
"Abacavir 300mg, tablets, 60 Tabs","Abacavir 300mg, tablets, 60 Tabs",300mg,60,10000,3118,11.36,0.19,140.52
"Abacavir 300mg, tablets, 60 Tabs","Abacavir 300mg, tablets, 60 Tabs",300mg,60,489,2045,11.36,0.19,5.71
"Lamivudine/Nevirapine/Zidovudine 150/200/300mg, tablets, 60 Tabs","Lamivudine/Nevirapine/Zidovudine 150/200/300mg, tablets, 60 Tabs",150/300/200mg,60,40035,16851,8.26,0.14,409.06
"Emtricitabine/Tenofovir Disoproxil Fumarate 200/300mg, tablets, 30 Tabs","Emtricitabine/Tenofovir Disoproxil Fumarate 200/300mg, tablets, 30 Tabs",200/300mg,30,20921,6692,5.87,0.2,151.91
"Lamivudine/Zidovudine 150/300mg, tablets, 60 Tabs","Lamivudine/Zidovudine 150/300mg, tablets, 60 Tabs",150/300mg,60,7693,6909,6.73,0.11,53.22
"Nevirapine 200mg, tablets, 60 Tabs","Nevirapine 200mg, tablets, 60 Tabs",200mg,60,2167,211,2.26,0.04,5.03
"Nevirapine 200mg, tablets, 60 Tabs","Nevirapine 200mg, tablets, 60 Tabs",200mg,60,21764,2091,2.26,0.04,50.56
"Nevirapine 10mg/ml, oral suspension w/syringe, Bottle, 240 ml","Nevirapine 10mg/ml, oral suspension w/syringe, Bottle, 240 ml",10mg/ml,240,26200,5343,1.86,0.01,50.1
"Lamivudine 150mg, tablets, 60 Tabs","Lamivudine 150mg, tablets, 60 Tabs",150mg,60,10391,633,2.23,0.04,23.82
"Lamivudine/Tenofovir Disoproxil Fumarate 300/300mg, tablets, 30 Tabs","Lamivudine/Tenofovir Disoproxil Fumarate 300/300mg, tablets, 30 Tabs",300/300mg,30,10000,8889,4.64,0.15,47.7
"Abacavir 300mg, tablets, 60 Tabs","Abacavir 300mg, tablets, 60 Tabs",300mg,60,6750,4919,11.23,0.19,77.92
"Abacavir 300mg, tablets, 60 Tabs","Abacavir 300mg, tablets, 60 Tabs",300mg,60,49,5,11.23,0.19,0.57
"Lamivudine/Tenofovir Disoproxil Fumarate 300/300mg, tablets, 30 Tabs","Lamivudine/Tenofovir Disoproxil Fumarate 300/300mg, tablets, 30 Tabs",300/300mg,30,2381,3703,4.64,0.15,13.67
"Lamivudine 150mg, tablets, 60 Tabs","Lamivudine 150mg, tablets, 60 Tabs",150mg,60,440,27,1.74,0.03,0.79
"Nevirapine 10mg/ml, oral suspension w/syringe, Bottle, 240 ml","Nevirapine 10mg/ml, oral suspension w/syringe, Bottle, 240 ml",10mg/ml,240,1222,825,1.78,0.01,2.24
"Efavirenz/Lamivudine/Tenofovir Disoproxil Fumarate 600/300/300mg, tablets, 30 Tabs","Efavirenz/Lamivudine/Tenofovir Disoproxil Fumarate 600/300/300mg, tablets, 30 Tabs",600/300/300mg,30,116931,13280,10.78,0.36,1559.26
"Lamivudine/Nevirapine/Zidovudine 30/50/60mg, dispersible tablets, 60 Tabs","Lamivudine/Nevirapine/Zidovudine 30/50/60mg, dispersible tablets, 60 Tabs",30/50/60mg,60,6799,292,3.75,0.06,31.54
"Efavirenz/Lamivudine/Tenofovir Disoproxil Fumarate 600/300/300mg, tablets, 30 Tabs","Efavirenz/Lamivudine/Tenofovir Disoproxil Fumarate 600/300/300mg, tablets, 30 Tabs",600/300/300mg,30,87667,11717,10.78,0.36,1169.03
"Emtricitabine/Tenofovir Disoproxil Fumarate 200/300mg, tablets, 30 Tabs","Emtricitabine/Tenofovir Disoproxil Fumarate 200/300mg, tablets, 30 Tabs",200/300mg,30,10267,816,5.74,0.19,72.9
"Efavirenz 600mg, tablets, 30 Tabs","Efavirenz 600mg, tablets, 30 Tabs",600mg,30,25000,3591,3.33,0.11,116.72
"Efavirenz 600mg, tablets, 30 Tabs","Efavirenz 600mg, tablets, 30 Tabs",600mg,30,30196,3591,3.21,0.11,135.89
"Efavirenz 200mg, scored tablets, 90 Tabs","Efavirenz 200mg, scored tablets, 90 Tabs",200mg,90,5840,347,9.3,0.1,67.18
"Lamivudine/Nevirapine/Zidovudine 150/200/300mg, tablets, 60 Tabs","Lamivudine/Nevirapine/Zidovudine 150/200/300mg, tablets, 60 Tabs",150/300/200mg,60,100000,18737,8.11,0.14,833.71
"Lamivudine/Nevirapine/Stavudine 150/200/30mg, tablets, 60 Tabs","Lamivudine/Nevirapine/Stavudine 150/200/30mg, tablets, 60 Tabs",150/200/30mg,60,5572,571,4.32,0.07,29.78
"Lopinavir/Ritonavir 200/50mg [Aluvia], tablets, 120 Tabs","Lopinavir/Ritonavir 200/50mg [Aluvia], tablets, 120 Tabs",200/50mg,120,32294,20132,18.9,0.16,755.01
"Abacavir/Lamivudine 60/30mg, tablets, 60 Tabs","Abacavir/Lamivudine 60/30mg, tablets, 60 Tabs",60/30mg,60,60000,2484,3.95,0.07,243.64
"Abacavir/Lamivudine 60/30mg, tablets, 60 Tabs","Abacavir/Lamivudine 60/30mg, tablets, 60 Tabs",60/30mg,60,23000,952,3.95,0.07,93.39
"Lamivudine/Tenofovir Disoproxil Fumarate 300/300mg, tablets, 30 Tabs","Lamivudine/Tenofovir Disoproxil Fumarate 300/300mg, tablets, 30 Tabs",300/300mg,30,21529,9530,4.7,0.16,104.02
"Lamivudine/Nevirapine/Zidovudine 150/200/300mg, tablets, 60 Tabs","Lamivudine/Nevirapine/Zidovudine 150/200/300mg, tablets, 60 Tabs",150/300/200mg,60,7480,1278,8.11,0.14,62.36
"Lamivudine/Nevirapine/Zidovudine 150/200/300mg, tablets, 60 Tabs","Lamivudine/Nevirapine/Zidovudine 150/200/300mg, tablets, 60 Tabs",150/300/200mg,60,200000,51698,8.11,0.14,1667.42
"Lamivudine/Nevirapine/Zidovudine 150/200/300mg, tablets, 60 Tabs","Lamivudine/Nevirapine/Zidovudine 150/200/300mg, tablets, 60 Tabs",150/300/200mg,60,145235,See DN-3794 (ID#:82694),8.11,0.14,1210.84
"Lamivudine/Nevirapine/Zidovudine 150/200/300mg, tablets, 60 Tabs","Lamivudine/Nevirapine/Zidovudine 150/200/300mg, tablets, 60 Tabs",150/300/200mg,60,97000,12823,8.11,0.14,808.7
"Efavirenz/Lamivudine/Tenofovir Disoproxil Fumarate 600/300/300mg, tablets, 30 Tabs","Efavirenz/Lamivudine/Tenofovir Disoproxil Fumarate 600/300/300mg, tablets, 30 Tabs",600/300/300mg,30,63696,8487,10.78,0.36,705.87
"Lamivudine/Tenofovir Disoproxil Fumarate 300/300mg, tablets, 30 Tabs","Lamivudine/Tenofovir Disoproxil Fumarate 300/300mg, tablets, 30 Tabs",300/300mg,30,5000,1447,4.64,0.15,23.85
"Emtricitabine/Tenofovir Disoproxil Fumarate 200/300mg, tablets, 30 Tabs","Emtricitabine/Tenofovir Disoproxil Fumarate 200/300mg, tablets, 30 Tabs",200/300mg,30,22002,2003,5.74,0.19,156.22
"Efavirenz/Lamivudine/Tenofovir Disoproxil Fumarate 600/300/300mg, tablets, 30 Tabs","Efavirenz/Lamivudine/Tenofovir Disoproxil Fumarate 600/300/300mg, tablets, 30 Tabs",600/300/300mg,30,112334,14867,10.78,0.36,1244.87
"Lamivudine/Zidovudine 150/300mg, tablets, 60 Tabs","Lamivudine/Zidovudine 150/300mg, tablets, 60 Tabs",150/300mg,60,36852,3324,6.52,0.11,247
"Nevirapine 200mg, tablets, 60 Tabs","Nevirapine 200mg, tablets, 60 Tabs",200mg,60,100000,64918,2.18,0.04,224.1
"Lamivudine/Tenofovir Disoproxil Fumarate 300/300mg, tablets, 30 Tabs","Lamivudine/Tenofovir Disoproxil Fumarate 300/300mg, tablets, 30 Tabs",300/300mg,30,76950,See DN-3825 (ID#:82702),4.63,0.15,366.25
"Lamivudine/Tenofovir Disoproxil Fumarate 300/300mg, tablets, 30 Tabs","Lamivudine/Tenofovir Disoproxil Fumarate 300/300mg, tablets, 30 Tabs",300/300mg,30,43715,See DN-3825 (ID#:82702),4.63,0.15,208.07
"Lamivudine/Nevirapine/Zidovudine 150/200/300mg, tablets, 60 Tabs","Lamivudine/Nevirapine/Zidovudine 150/200/300mg, tablets, 60 Tabs",150/300/200mg,60,210000,81836,8.11,0.14,1750.79
"Lamivudine/Zidovudine 150/300mg, tablets, 60 Tabs","Lamivudine/Zidovudine 150/300mg, tablets, 60 Tabs",150/300mg,60,396,410,6.52,0.11,2.65
"Abacavir 300mg, tablets, 60 Tabs","Abacavir 300mg, tablets, 60 Tabs",300mg,60,715,1630,11.23,0.19,8.25
"Lamivudine 150mg, tablets, 60 Tabs","Lamivudine 150mg, tablets, 60 Tabs",150mg,60,980,See DN-3843 (ID#:82707),1.74,0.03,1.75
"Lopinavir/Ritonavir 200/50mg, tablets, 120 Tabs","Lopinavir/Ritonavir 200/50mg, tablets, 120 Tabs",200/50mg,120,1727,See DN-3843 (ID#:82707),19.71,0.16,34.99
"Abacavir 300mg, tablets, 60 Tabs","Abacavir 300mg, tablets, 60 Tabs",300mg,60,53,516,11.23,0.19,0.61
"Lamivudine 10mg/ml, oral solution w/syringe, Bottle, 240 ml","Lamivudine 10mg/ml, oral solution w/syringe, Bottle, 240 ml",10mg/ml,240,90,See DN-3844 (ID#:82710),1.43,0.01,0.13
"Zidovudine 300mg, tablets, 60 Tabs","Zidovudine 300mg, tablets, 60 Tabs",300mg,60,791,See DN-3844 (ID#:82710),5.44,0.09,4.42
"Efavirenz 600mg, tablets, 30 Tabs","Efavirenz 600mg, tablets, 30 Tabs",600mg,30,12710,9511,3.21,0.11,41.94
"Abacavir/Lamivudine 600/300mg, tablets, 30 Tabs","Abacavir/Lamivudine 600/300mg, tablets, 30 Tabs",600/300mg,30,2756,248,13.52,0.45,38.3
"Lamivudine/Stavudine 150/30mg, tablets, 60 Tabs","Lamivudine/Stavudine 150/30mg, tablets, 60 Tabs",150/30mg,60,3068,150,2.6,0.04,8.2
"Nevirapine 200mg, tablets, 60 Tabs","Nevirapine 200mg, tablets, 60 Tabs",200mg,60,2030,6342,2.18,0.04,4.55
"Abacavir/Lamivudine 60/30mg, tablets, 60 Tabs","Abacavir/Lamivudine 60/30mg, tablets, 60 Tabs",60/30mg,60,3071,115,4.09,0.07,12.91
"Lamivudine/Nevirapine/Zidovudine 30/50/60mg, [DON] dispersible tablets, 60 Tabs","Lamivudine/Nevirapine/Zidovudine 30/50/60mg, [DON] dispersible tablets, 60 Tabs",30/50/60mg,60,6459,565,0,0,0
"Lamivudine/Nevirapine/Zidovudine 150/200/300mg, tablets, 60 Tabs","Lamivudine/Nevirapine/Zidovudine 150/200/300mg, tablets, 60 Tabs",150/300/200mg,60,40070,28111,8.11,0.14,334.07
"Efavirenz 200mg, capsule, 90 Caps","Efavirenz 200mg, capsule, 90 Caps",200mg,90,10230,1505,5.5,0.06,57.84
"Lamivudine/Nevirapine/Zidovudine 150/200/300mg, tablets, 60 Tabs","Lamivudine/Nevirapine/Zidovudine 150/200/300mg, tablets, 60 Tabs",150/300/200mg,60,40000,9632,8.11,0.14,333.48
"Lamivudine/Zidovudine 30/60mg, dispersible tablets, 60 Tabs","Lamivudine/Zidovudine 30/60mg, dispersible tablets, 60 Tabs",30/60mg,60,132,23,1.99,0.03,0.27
"Lamivudine/Zidovudine 30/60mg, dispersible tablets, 60 Tabs","Lamivudine/Zidovudine 30/60mg, dispersible tablets, 60 Tabs",30/60mg,60,17980,2152,2.15,0.04,47.82
"Lamivudine/Nevirapine/Zidovudine 150/200/300mg, tablets, 60 Tabs","Lamivudine/Nevirapine/Zidovudine 150/200/300mg, tablets, 60 Tabs",150/300/200mg,60,106754,28021,8.26,0.14,906.48
"Nevirapine 10mg/ml, oral suspension w/syringe, Bottle, 240 ml","Nevirapine 10mg/ml, oral suspension w/syringe, Bottle, 240 ml",10mg/ml,240,27264,10191,1.51,0.01,42.32
"Abacavir/Lamivudine 60/30mg, tablets, 60 Tabs","Abacavir/Lamivudine 60/30mg, tablets, 60 Tabs",60/30mg,60,46973,3237,4,0.07,193.15
"Lamivudine/Zidovudine 150/300mg, tablets, 60 Tabs","Lamivudine/Zidovudine 150/300mg, tablets, 60 Tabs",150/300mg,60,1428,331,6.6,0.11,9.69
"Tenofovir Disoproxil Fumarate 300mg, tablets, 30 Tabs","Tenofovir Disoproxil Fumarate 300mg, tablets, 30 Tabs",300mg,30,5905,599,3.62,0.12,21.97
"Lamivudine/Nevirapine/Zidovudine 30/50/60mg, dispersible tablets, 60 Tabs","Lamivudine/Nevirapine/Zidovudine 30/50/60mg, dispersible tablets, 60 Tabs",30/50/60mg,60,10602,3919,3.6,0.06,39.24
"Abacavir/Lamivudine 60/30mg, tablets, 60 Tabs","Abacavir/Lamivudine 60/30mg, tablets, 60 Tabs",60/30mg,60,50847,2372,3.95,0.07,206.47
"Nevirapine 10mg/ml, oral suspension w/syringe, Bottle, 240 ml","Nevirapine 10mg/ml, oral suspension w/syringe, Bottle, 240 ml",10mg/ml,240,1135,1165,1.51,0.01,1.76
"Lamivudine/Nevirapine/Zidovudine 30/50/60mg, dispersible tablets, 60 Tabs","Lamivudine/Nevirapine/Zidovudine 30/50/60mg, dispersible tablets, 60 Tabs",30/50/60mg,60,965,See DN-3954 (ID#:82743),3.6,0.06,3.57
"Efavirenz/Lamivudine/Tenofovir Disoproxil Fumarate 600/300/300mg, tablets, 30 Tabs","Efavirenz/Lamivudine/Tenofovir Disoproxil Fumarate 600/300/300mg, tablets, 30 Tabs",600/300/300mg,30,100167,21570,10.25,0.34,1055.46
"Efavirenz/Lamivudine/Tenofovir Disoproxil Fumarate 600/300/300mg, tablets, 30 Tabs","Efavirenz/Lamivudine/Tenofovir Disoproxil Fumarate 600/300/300mg, tablets, 30 Tabs",600/300/300mg,30,75013,See DN-3974 (ID#:82745),10.25,0.34,790.41
"Lopinavir/Ritonavir 200/50mg, tablets, 120 Tabs","Lopinavir/Ritonavir 200/50mg, tablets, 120 Tabs",200/50mg,120,1156,2187,19.66,0.16,23.36
"Lamivudine/Nevirapine/Zidovudine 150/200/300mg, tablets, 60 Tabs","Lamivudine/Nevirapine/Zidovudine 150/200/300mg, tablets, 60 Tabs",150/300/200mg,60,191230,27094,8.11,0.14,1594.3
"Abacavir/Lamivudine 600/300mg, tablets, 30 Tabs","Abacavir/Lamivudine 600/300mg, tablets, 30 Tabs",600/300mg,30,19356,1960,13.49,0.45,268.42
"Lopinavir/Ritonavir 200/50mg [Aluvia], tablets, 120 Tabs","Lopinavir/Ritonavir 200/50mg [Aluvia], tablets, 120 Tabs",200/50mg,120,28000,6702,18.9,0.16,544.02
"Lamivudine/Nevirapine/Zidovudine 150/200/300mg, tablets, 60 Tabs","Lamivudine/Nevirapine/Zidovudine 150/200/300mg, tablets, 60 Tabs",150/300/200mg,60,45307,20329,8.11,0.14,377.73
"Lamivudine/Tenofovir Disoproxil Fumarate 300/300mg, tablets, 30 Tabs","Lamivudine/Tenofovir Disoproxil Fumarate 300/300mg, tablets, 30 Tabs",300/300mg,30,42531,7043,4.63,0.15,202.43
"Lamivudine/Nevirapine/Zidovudine 150/200/300mg, tablets, 60 Tabs","Lamivudine/Nevirapine/Zidovudine 150/200/300mg, tablets, 60 Tabs",150/300/200mg,60,14011,1755,8.11,0.14,116.81
"Lamivudine/Tenofovir Disoproxil Fumarate 300/300mg, tablets, 30 Tabs","Lamivudine/Tenofovir Disoproxil Fumarate 300/300mg, tablets, 30 Tabs",300/300mg,30,73467,17317,4.64,0.15,350.43
"Zidovudine 10mg/ml, oral solution w/syringe, Bottle, 240 ml","Zidovudine 10mg/ml, oral solution w/syringe, Bottle, 240 ml",10mg/ml,240,4000,10413,1.99,0.01,8.18
"Lamivudine/Stavudine 150/30mg, tablets, 60 Tabs","Lamivudine/Stavudine 150/30mg, tablets, 60 Tabs",150/30mg,60,7442,12408,2.6,0.04,19.89
"Efavirenz 200mg, scored tablets, 90 Tabs","Efavirenz 200mg, scored tablets, 90 Tabs",200mg,90,1016,367,9.3,0.1,9.71
"Lamivudine/Zidovudine 150/300mg, tablets, 60 Tabs","Lamivudine/Zidovudine 150/300mg, tablets, 60 Tabs",150/300mg,60,139000,12307,6.73,0.11,961.66
"Tenofovir Disoproxil Fumarate 300mg, tablets, 30 Tabs","Tenofovir Disoproxil Fumarate 300mg, tablets, 30 Tabs",300mg,30,189,15,3.66,0.12,0.71
"Abacavir 300mg, tablets, 60 Tabs","Abacavir 300mg, tablets, 60 Tabs",300mg,60,62,6,11.09,0.18,0.81
"Lopinavir/Ritonavir 200/50mg [Aluvia], tablets, 120 Tabs","Lopinavir/Ritonavir 200/50mg [Aluvia], tablets, 120 Tabs",200/50mg,120,1184,251,18.9,0.16,26.34
"Efavirenz 600mg, tablets, 30 Tabs","Efavirenz 600mg, tablets, 30 Tabs",600mg,30,10000,24636,3.12,0.1,32.07
"Efavirenz 600mg, tablets, 30 Tabs","Efavirenz 600mg, tablets, 30 Tabs",600mg,30,20004,See DN-4064 (ID#:82765),3.12,0.1,64.16
"Efavirenz 200mg, scored tablets, 90 Tabs","Efavirenz 200mg, scored tablets, 90 Tabs",200mg,90,868,173,9.3,0.1,8.3
"Lamivudine/Tenofovir Disoproxil Fumarate 300/300mg, tablets, 30 Tabs","Lamivudine/Tenofovir Disoproxil Fumarate 300/300mg, tablets, 30 Tabs",300/300mg,30,19086,2389,4.63,0.15,90.84
"Lamivudine/Zidovudine 150/300mg, tablets, 60 Tabs","Lamivudine/Zidovudine 150/300mg, tablets, 60 Tabs",150/300mg,60,17246,1519,6.73,0.11,119.32
"Lamivudine/Nevirapine/Zidovudine 30/50/60mg, dispersible tablets, 60 Tabs","Lamivudine/Nevirapine/Zidovudine 30/50/60mg, dispersible tablets, 60 Tabs",30/50/60mg,60,57804,15222,3.6,0.06,213.92
"Lamivudine/Tenofovir Disoproxil Fumarate 300/300mg, tablets, 30 Tabs","Lamivudine/Tenofovir Disoproxil Fumarate 300/300mg, tablets, 30 Tabs",300/300mg,30,912,1744,4.62,0.15,4.96
"Lamivudine/Tenofovir Disoproxil Fumarate 300/300mg, tablets, 30 Tabs","Lamivudine/Tenofovir Disoproxil Fumarate 300/300mg, tablets, 30 Tabs",300/300mg,30,21868,4326,4.59,0.15,103.18
"Efavirenz/Lamivudine/Tenofovir Disoproxil Fumarate 600/300/300mg, tablets, 30 Tabs","Efavirenz/Lamivudine/Tenofovir Disoproxil Fumarate 600/300/300mg, tablets, 30 Tabs",600/300/300mg,30,5148,12079,9.6,0.32,50.8
"Efavirenz/Lamivudine/Tenofovir Disoproxil Fumarate 600/300/300mg, tablets, 30 Tabs","Efavirenz/Lamivudine/Tenofovir Disoproxil Fumarate 600/300/300mg, tablets, 30 Tabs",600/300/300mg,30,81557,See DN-4162 (ID#:82783),9.6,0.32,804.87
"Lamivudine/Nevirapine/Zidovudine 150/200/300mg, tablets, 60 Tabs","Lamivudine/Nevirapine/Zidovudine 150/200/300mg, tablets, 60 Tabs",150/300/200mg,60,350505,72975,7.72,0.13,2781.66
"Lamivudine 150mg, tablets, 60 Tabs","Lamivudine 150mg, tablets, 60 Tabs",150mg,60,21,1,2.44,0.04,0.1
"Lamivudine/Nevirapine/Zidovudine 150/200/300mg, tablets, 60 Tabs","Lamivudine/Nevirapine/Zidovudine 150/200/300mg, tablets, 60 Tabs",150/300/200mg,60,59014,See DN-4172 (ID#:82785),7.72,0.13,468.34
"Lamivudine/Nevirapine/Zidovudine 30/50/60mg, dispersible tablets, 60 Tabs","Lamivudine/Nevirapine/Zidovudine 30/50/60mg, dispersible tablets, 60 Tabs",30/50/60mg,60,16500,904,3.6,0.06,61.06
"Lopinavir/Ritonavir 200/50mg, tablets, 120 Tabs","Lopinavir/Ritonavir 200/50mg, tablets, 120 Tabs",200/50mg,120,6364,1591,19.36,0.16,145.01
"Abacavir/Lamivudine 600/300mg, tablets, 30 Tabs","Abacavir/Lamivudine 600/300mg, tablets, 30 Tabs",600/300mg,30,1134,121,13.15,0.44,15.33
"Abacavir/Lamivudine 600/300mg, tablets, 30 Tabs","Abacavir/Lamivudine 600/300mg, tablets, 30 Tabs",600/300mg,30,50867,4749,13.15,0.44,787.3
"Lamivudine/Zidovudine 30/60mg, dispersible tablets, 60 Tabs","Lamivudine/Zidovudine 30/60mg, dispersible tablets, 60 Tabs",30/60mg,60,6000,11732,1.92,0.03,13.56
"Abacavir/Lamivudine 60/30mg, tablets, 60 Tabs","Abacavir/Lamivudine 60/30mg, tablets, 60 Tabs",60/30mg,60,6634,6368,3.95,0.07,26.94
"Zidovudine 300mg, tablets, 60 Tabs","Zidovudine 300mg, tablets, 60 Tabs",300mg,60,21347,1554,5.33,0.09,116.97
"Abacavir/Lamivudine 60/30mg, tablets, 60 Tabs","Abacavir/Lamivudine 60/30mg, tablets, 60 Tabs",60/30mg,60,33308,2803,3.95,0.07,135.25
"Lamivudine 150mg, tablets, 60 Tabs","Lamivudine 150mg, tablets, 60 Tabs",150mg,60,68000,6221,1.74,0.03,121.63
"Lamivudine/Nevirapine/Zidovudine 150/200/300mg, tablets, 60 Tabs","Lamivudine/Nevirapine/Zidovudine 150/200/300mg, tablets, 60 Tabs",150/300/200mg,60,145000,16614,7.72,0.13,1317.53
"Nevirapine 200mg, tablets, 60 Tabs","Nevirapine 200mg, tablets, 60 Tabs",200mg,60,3926,477,2.18,0.04,8.8
"Lamivudine/Tenofovir Disoproxil Fumarate 300/300mg, tablets, 30 Tabs","Lamivudine/Tenofovir Disoproxil Fumarate 300/300mg, tablets, 30 Tabs",300/300mg,30,43272,4285,4.59,0.15,204.18
"Lamivudine/Nevirapine/Zidovudine 150/200/300mg, tablets, 60 Tabs","Lamivudine/Nevirapine/Zidovudine 150/200/300mg, tablets, 60 Tabs",150/300/200mg,60,90000,17769,7.72,0.13,714.25
"Lamivudine/Zidovudine 150/300mg, tablets, 60 Tabs","Lamivudine/Zidovudine 150/300mg, tablets, 60 Tabs",150/300mg,60,11700,Weight Captured Separately,6.52,0.11,89.79
"Lopinavir/Ritonavir 200/50mg, tablets, 120 Tabs","Lopinavir/Ritonavir 200/50mg, tablets, 120 Tabs",200/50mg,120,2710,731,19.36,0.16,61.75
"Lopinavir/Ritonavir 200/50mg, tablets, 120 Tabs","Lopinavir/Ritonavir 200/50mg, tablets, 120 Tabs",200/50mg,120,1746,473,19.36,0.16,39.79
"Nevirapine 200mg, tablets, 60 Tabs","Nevirapine 200mg, tablets, 60 Tabs",200mg,60,9566,Weight Captured Separately,2.18,0.04,24.55
"Lopinavir/Ritonavir 200/50mg [Aluvia], tablets, 120 Tabs","Lopinavir/Ritonavir 200/50mg [Aluvia], tablets, 120 Tabs",200/50mg,120,27048,See DN-4309 (ID#:82809),18.64,0.16,593.41
"Lamivudine/Zidovudine 150/300mg, tablets, 60 Tabs","Lamivudine/Zidovudine 150/300mg, tablets, 60 Tabs",150/300mg,60,88327,Weight Captured Separately,6.52,0.11,677.82
"Lopinavir/Ritonavir 200/50mg, tablets, 120 Tabs","Lopinavir/Ritonavir 200/50mg, tablets, 120 Tabs",200/50mg,120,10000,7041,19.66,0.16,231.4
"Efavirenz/Lamivudine/Tenofovir Disoproxil Fumarate 600/300/300mg, tablets, 30 Tabs","Efavirenz/Lamivudine/Tenofovir Disoproxil Fumarate 600/300/300mg, tablets, 30 Tabs",600/300/300mg,30,148665,37686,9.99,0.33,1526.75
"Abacavir/Lamivudine 600/300mg, tablets, 30 Tabs","Abacavir/Lamivudine 600/300mg, tablets, 30 Tabs",600/300mg,30,6324,Weight Captured Separately,13.11,0.44,97.58
"Zidovudine 300mg, tablets, 60 Tabs","Zidovudine 300mg, tablets, 60 Tabs",300mg,60,5721,Weight Captured Separately,5.33,0.09,35.89
"Lamivudine/Nevirapine/Zidovudine 30/50/60mg, dispersible tablets, 60 Tabs","Lamivudine/Nevirapine/Zidovudine 30/50/60mg, dispersible tablets, 60 Tabs",30/50/60mg,60,2592,Weight Captured Separately,3.55,0.06,10.83
"Lamivudine 150mg, tablets, 60 Tabs","Lamivudine 150mg, tablets, 60 Tabs",150mg,60,50,112,2.44,0.04,0.24
"Nevirapine 10mg/ml, oral suspension, Bottle, 240 ml","Nevirapine 10mg/ml, oral suspension, Bottle, 240 ml",10mg/ml,240,36,See DN-1311 (ID#:82837),1.92,0.01,0.14
"Lamivudine/Nevirapine/Stavudine 150/200/30mg, tablets, 60 Tabs","Lamivudine/Nevirapine/Stavudine 150/200/30mg, tablets, 60 Tabs",150/200/30mg,60,50,35,7,0.12,0.69
"Zidovudine 10mg/ml, oral solution, Bottle, 240 ml","Zidovudine 10mg/ml, oral solution, Bottle, 240 ml",10mg/ml,240,2000,749,2.1,0.01,8.23
"Abacavir 20mg/ml, oral solution, Bottle, 240 ml","Abacavir 20mg/ml, oral solution, Bottle, 240 ml",20mg/ml,240,616,See DN-1474 (ID#:82273),14.64,0.06,17.68
"Abacavir 20mg/ml, oral solution, Bottle, 240 ml","Abacavir 20mg/ml, oral solution, Bottle, 240 ml",20mg/ml,240,96,54,14.64,0.06,2.75
"Zidovudine 10mg/ml, oral solution, Bottle, 240 ml","Zidovudine 10mg/ml, oral solution, Bottle, 240 ml",10mg/ml,240,1758,604,2.1,0.01,7.24
"Nevirapine 200mg, tablets, 60 Tabs","Nevirapine 200mg, tablets, 60 Tabs",200mg,60,6050,442,2.9,0.05,34.39
"Lamivudine/Nevirapine/Zidovudine 150/200/300mg, tablets, 60 Tabs","Lamivudine/Nevirapine/Zidovudine 150/200/300mg, tablets, 60 Tabs",150/300/200mg,60,15584,6843,11.22,0.19,342.71
"Efavirenz 600mg, tablets, 30 Tabs","Efavirenz 600mg, tablets, 30 Tabs",600mg,30,4700,680,5.78,0.19,53.25
"Nevirapine 200mg, tablets, 60 Tabs","Nevirapine 200mg, tablets, 60 Tabs",200mg,60,1437,138,2.9,0.05,8.17
"Lamivudine/Zidovudine 150/300mg, tablets, 60 Tabs","Lamivudine/Zidovudine 150/300mg, tablets, 60 Tabs",150/300mg,60,42751,3409,8.76,0.15,734.02
"Abacavir 300mg, tablets, 60 Tabs","Abacavir 300mg, tablets, 60 Tabs",300mg,60,225,306,21.42,0.36,10.39
"Zidovudine 300mg, tablets, 60 Tabs","Zidovudine 300mg, tablets, 60 Tabs",300mg,60,9780,550,7.53,0.13,144.34
"Abacavir 20mg/ml, oral solution, Bottle, 240 ml","Abacavir 20mg/ml, oral solution, Bottle, 240 ml",20mg/ml,240,400,146,14.64,0.06,11.48
"Lamivudine/Zidovudine 150/300mg, tablets, 60 Tabs","Lamivudine/Zidovudine 150/300mg, tablets, 60 Tabs",150/300mg,60,30000,2715,8.76,0.15,515.09
"HIV 1/2, Uni-Gold HIV Kit, 20 Tests","HIV 1/2, Uni-Gold HIV Kit, 20 Tests",,20,1250,Weight Captured Separately,32,1.6,78.4
"Didanosine 200mg, chewable/dispersible tablets, 60 Tabs","Didanosine 200mg, chewable/dispersible tablets, 60 Tabs",200mg,60,23,379,15.5,0.26,0.7
"Nevirapine 200mg, tablets, 60 Tabs","Nevirapine 200mg, tablets, 60 Tabs",200mg,60,1681,164,2.73,0.05,8.99
"Zidovudine 300mg, tablets, 60 Tabs","Zidovudine 300mg, tablets, 60 Tabs",300mg,60,5880,679,7.53,0.13,95.46
"Lamivudine/Zidovudine 150/300mg, tablets, 60 Tabs","Lamivudine/Zidovudine 150/300mg, tablets, 60 Tabs",150/300mg,60,560,See DN-1659 (ID#:82859),8.76,0.15,10.58
"Abacavir 20mg/ml, oral solution, Bottle, 240 ml","Abacavir 20mg/ml, oral solution, Bottle, 240 ml",20mg/ml,240,224,746,13.6,0.06,6.57
"Didanosine 200mg, chewable/dispersible tablets, 60 Tabs","Didanosine 200mg, chewable/dispersible tablets, 60 Tabs",200mg,60,1485,914,15.5,0.26,45.11
"Lamivudine 150mg, tablets, 60 Tabs","Lamivudine 150mg, tablets, 60 Tabs",150mg,60,8010,5350,2.44,0.04,38.31
"Lamivudine/Zidovudine 150/300mg, tablets, 60 Tabs","Lamivudine/Zidovudine 150/300mg, tablets, 60 Tabs",150/300mg,60,20000,1804,8.76,0.15,377.73
"Lamivudine/Stavudine 150/30mg, tablets, 60 Tabs","Lamivudine/Stavudine 150/30mg, tablets, 60 Tabs",150/30mg,60,120,6,3.4,0.06,0.88
"Efavirenz 600mg, tablets, 30 Tabs","Efavirenz 600mg, tablets, 30 Tabs",600mg,30,139303,11982,5.13,0.17,1540.73
"Lamivudine/Nevirapine/Stavudine 150/200/30mg, tablets, 60 Tabs","Lamivudine/Nevirapine/Stavudine 150/200/30mg, tablets, 60 Tabs",150/200/30mg,60,124,9,6.11,0.1,1.63
"Lamivudine/Zidovudine 150/300mg, tablets, 60 Tabs","Lamivudine/Zidovudine 150/300mg, tablets, 60 Tabs",150/300mg,60,710,62,8.76,0.15,13.41
"Efavirenz 600mg, tablets, 30 Tabs","Efavirenz 600mg, tablets, 30 Tabs",600mg,30,1000,95,5.13,0.17,11.06
"Lamivudine/Stavudine 150/30mg, tablets, 60 Tabs","Lamivudine/Stavudine 150/30mg, tablets, 60 Tabs",150/30mg,60,466,24,3.4,0.06,3.42
"Zidovudine 300mg, tablets, 60 Tabs","Zidovudine 300mg, tablets, 60 Tabs",300mg,60,50,3,7.5,0.12,0.81
"Zidovudine 300mg, tablets, 60 Tabs","Zidovudine 300mg, tablets, 60 Tabs",300mg,60,1500,120,7.5,0.12,24.26
"Lamivudine/Zidovudine 150/300mg, tablets, 60 Tabs","Lamivudine/Zidovudine 150/300mg, tablets, 60 Tabs",150/300mg,60,20000,1807,8.76,0.15,343.39
"Lamivudine/Nevirapine/Zidovudine 150/200/300mg, tablets, 60 Tabs","Lamivudine/Nevirapine/Zidovudine 150/200/300mg, tablets, 60 Tabs",150/300/200mg,60,45116,5285,11.22,0.19,992.15
"Zidovudine 100mg, capsules, 100 Caps","Zidovudine 100mg, capsules, 100 Caps",100mg,100,2604,675,4.84,0.05,24.7
"Lamivudine/Stavudine 150/30mg, tablets, 60 Tabs","Lamivudine/Stavudine 150/30mg, tablets, 60 Tabs",150/30mg,60,75,10,3.4,0.06,0.55
"Nevirapine 200mg, tablets, 60 Tabs","Nevirapine 200mg, tablets, 60 Tabs",200mg,60,5000,861,2.73,0.05,29.43
"Efavirenz 600mg, tablets, 30 Tabs","Efavirenz 600mg, tablets, 30 Tabs",600mg,30,2000,563,5.13,0.17,22.12
"Nevirapine 200mg, tablets, 60 Tabs","Nevirapine 200mg, tablets, 60 Tabs",200mg,60,4200,See DN-1766 (ID#:82878),2.73,0.05,24.72
"Lamivudine/Zidovudine+Efavirenz 150/300mg+600mg, tablets, co-blister 60+30 Tabs","Lamivudine/Zidovudine+Efavirenz 150/300mg+600mg, tablets, co-blister 60+30 Tabs",150/300mg+600mg,90,854,142,27.5,0.31,50.63
"Efavirenz 600mg, tablets, 30 Tabs","Efavirenz 600mg, tablets, 30 Tabs",600mg,30,14600,1288,4.75,0.16,149.52
"Lamivudine/Zidovudine 150/300mg, tablets, 60 Tabs","Lamivudine/Zidovudine 150/300mg, tablets, 60 Tabs",150/300mg,60,4000,263,8.76,0.15,75.55
"Lamivudine/Zidovudine 150/300mg, tablets, 60 Tabs","Lamivudine/Zidovudine 150/300mg, tablets, 60 Tabs",150/300mg,60,1227,107,8.76,0.15,23.17
"Emtricitabine/Tenofovir Disoproxil Fumarate 200/300mg [Truvada], tablets, 30 Tabs","Emtricitabine/Tenofovir Disoproxil Fumarate 200/300mg [Truvada], tablets, 30 Tabs",300/200mg,30,3120,798,26.25,0.88,176.58
"Lamivudine/Zidovudine 150/300mg, tablets, 60 Tabs","Lamivudine/Zidovudine 150/300mg, tablets, 60 Tabs",150/300mg,60,54096,4660,8.76,0.15,1021.69
"Nevirapine 10mg/ml, oral suspension, Bottle, 240 ml","Nevirapine 10mg/ml, oral suspension, Bottle, 240 ml",10mg/ml,240,1417,538,1.83,0.01,5.08
"Efavirenz 600mg, tablets, 30 Tabs","Efavirenz 600mg, tablets, 30 Tabs",600mg,30,3604,499,4.75,0.16,36.91
"Abacavir 300mg, tablets, 60 Tabs","Abacavir 300mg, tablets, 60 Tabs",300mg,60,4000,400,17.14,0.29,147.82
"Abacavir 20mg/ml, oral solution, Bottle, 240 ml","Abacavir 20mg/ml, oral solution, Bottle, 240 ml",20mg/ml,240,480,390,13.6,0.06,14.07
"Efavirenz 600mg, tablets, 30 Tabs","Efavirenz 600mg, tablets, 30 Tabs",600mg,30,43512,3609,4.75,0.16,445.61
"Lamivudine/Nevirapine/Zidovudine 150/200/300mg, tablets, 60 Tabs","Lamivudine/Nevirapine/Zidovudine 150/200/300mg, tablets, 60 Tabs",150/300/200mg,60,5000,690,11.2,0.19,120.74
"Lamivudine 150mg, tablets, 60 Tabs","Lamivudine 150mg, tablets, 60 Tabs",150mg,60,69,77,2.44,0.04,0.36
"Lamivudine/Nevirapine/Zidovudine 150/200/300mg, tablets, 60 Tabs","Lamivudine/Nevirapine/Zidovudine 150/200/300mg, tablets, 60 Tabs",150/300/200mg,60,80010,9402,11.22,0.19,1759.52
"Zidovudine 10mg/ml, oral solution, Bottle, 240 ml","Zidovudine 10mg/ml, oral solution, Bottle, 240 ml",10mg/ml,240,4448,See DN-1871 (ID#:82328),2.02,0.01,19.37
"Lamivudine 10mg/ml, oral solution, Bottle, 240 ml","Lamivudine 10mg/ml, oral solution, Bottle, 240 ml",10mg/ml,240,4340,1632,1.9,0.01,17.78
"Nevirapine 200mg, tablets, 60 Tabs","Nevirapine 200mg, tablets, 60 Tabs",200mg,60,12000,733,2.73,0.05,70.63
"Efavirenz 600mg, tablets, 30 Tabs","Efavirenz 600mg, tablets, 30 Tabs",600mg,30,6000,514,4.6,0.15,59.51
"Lamivudine 150mg, tablets, 60 Tabs","Lamivudine 150mg, tablets, 60 Tabs",150mg,60,3000,142,2.44,0.04,15.78
"Zidovudine 300mg, tablets, 60 Tabs","Zidovudine 300mg, tablets, 60 Tabs",300mg,60,3000,165,7.5,0.12,48.51
"Zidovudine 300mg, tablets, 60 Tabs","Zidovudine 300mg, tablets, 60 Tabs",300mg,60,100,6,7.5,0.12,1.62
"Zidovudine 300mg, tablets, 60 Tabs","Zidovudine 300mg, tablets, 60 Tabs",300mg,60,30,2,7.5,0.12,0.49
"Lamivudine/Nevirapine/Stavudine 150/200/30mg, tablets, 60 Tabs","Lamivudine/Nevirapine/Stavudine 150/200/30mg, tablets, 60 Tabs",150/200/30mg,60,9000,653,5.85,0.1,113.51
"Lamivudine/Nevirapine/Stavudine 150/200/30mg, tablets, 60 Tabs","Lamivudine/Nevirapine/Stavudine 150/200/30mg, tablets, 60 Tabs",150/200/30mg,60,3000,419,5.85,0.1,37.84
"Emtricitabine/Tenofovir Disoproxil Fumarate 200/300mg, tablets, 30 Tabs","Emtricitabine/Tenofovir Disoproxil Fumarate 200/300mg, tablets, 30 Tabs",200/300mg,30,1000,90,11.75,0.39,25.33
"Lamivudine/Zidovudine 150/300mg, tablets, 60 Tabs","Lamivudine/Zidovudine 150/300mg, tablets, 60 Tabs",150/300mg,60,80,7,8.76,0.15,1.51
"Lamivudine/Nevirapine/Stavudine 150/200/30mg, tablets, 60 Tabs","Lamivudine/Nevirapine/Stavudine 150/200/30mg, tablets, 60 Tabs",150/200/30mg,60,60000,7268,5.73,0.1,741.23
"Lamivudine/Nevirapine/Stavudine 150/200/30mg, tablets, 60 Tabs","Lamivudine/Nevirapine/Stavudine 150/200/30mg, tablets, 60 Tabs",150/200/30mg,60,561,341,5.73,0.1,6.93
"Efavirenz 600mg, tablets, 30 Tabs","Efavirenz 600mg, tablets, 30 Tabs",600mg,30,39312,7225,4.45,0.15,377.17
"Stavudine 15mg, capsules, 60 Caps","Stavudine 15mg, capsules, 60 Caps",15mg,60,336,See DN-1964 (ID#:82908),1.5,0.02,1.09
"Emtricitabine/Tenofovir Disoproxil Fumarate 200/300mg [Truvada], tablets, 30 Tabs","Emtricitabine/Tenofovir Disoproxil Fumarate 200/300mg [Truvada], tablets, 30 Tabs",300/200mg,30,2000,6991,26.25,0.88,113.19
"Lamivudine/Tenofovir Disoproxil Fumarate 300/300mg, tablets, 30 Tabs","Lamivudine/Tenofovir Disoproxil Fumarate 300/300mg, tablets, 30 Tabs",300/300mg,30,6000,1726,9.63,0.32,124.57
"Lamivudine/Nevirapine/Zidovudine 150/200/300mg, tablets, 60 Tabs","Lamivudine/Nevirapine/Zidovudine 150/200/300mg, tablets, 60 Tabs",150/300/200mg,60,16347,2098,11.22,0.19,395.44
"Efavirenz 600mg, tablets, 30 Tabs","Efavirenz 600mg, tablets, 30 Tabs",600mg,30,60342,20269,4.45,0.15,578.93
"Lamivudine/Stavudine 150/30mg, tablets, 60 Tabs","Lamivudine/Stavudine 150/30mg, tablets, 60 Tabs",150/30mg,60,9100,693,3.28,0.05,64.35
"Lamivudine 10mg/ml, oral solution, Bottle, 240 ml","Lamivudine 10mg/ml, oral solution, Bottle, 240 ml",10mg/ml,240,4970,See DN-2011 (ID#:82350),1.93,0.01,20.68
"Didanosine 200mg, chewable/dispersible tablets, 60 Tabs","Didanosine 200mg, chewable/dispersible tablets, 60 Tabs",200mg,60,192,8085,15.5,0.26,6.42
"Efavirenz 50mg, capsule, 30 Caps","Efavirenz 50mg, capsule, 30 Caps",50mg,30,230,411,2.24,0.07,1.11
"Lamivudine/Stavudine 150/30mg, tablets, 60 Tabs","Lamivudine/Stavudine 150/30mg, tablets, 60 Tabs",150/30mg,60,5900,18105,3.28,0.05,41.72
"Efavirenz 600mg, tablets, 30 Tabs","Efavirenz 600mg, tablets, 30 Tabs",600mg,30,90000,7397,4.45,0.15,863.48
"Lamivudine 150mg, tablets, 60 Tabs","Lamivudine 150mg, tablets, 60 Tabs",150mg,60,32920,18057,2.33,0.04,165.37
"Emtricitabine/Tenofovir Disoproxil Fumarate 200/300mg, tablets, 30 Tabs","Emtricitabine/Tenofovir Disoproxil Fumarate 200/300mg, tablets, 30 Tabs",200/300mg,30,8640,11468,11.34,0.38,211.24
"Efavirenz/Emtricitabine/Tenofovir Disoproxil Fumarate 600/200/300mg, tablets, 30 Tabs","Efavirenz/Emtricitabine/Tenofovir Disoproxil Fumarate 600/200/300mg, tablets, 30 Tabs",600/200/300mg,30,20000,2181,19.92,0.66,858.95
"Efavirenz/Emtricitabine/Tenofovir Disoproxil Fumarate 600/200/300mg, tablets, 30 Tabs","Efavirenz/Emtricitabine/Tenofovir Disoproxil Fumarate 600/200/300mg, tablets, 30 Tabs",600/200/300mg,30,1000,101,19.92,0.66,42.95
"Nevirapine 200mg, tablets, 60 Tabs","Nevirapine 200mg, tablets, 60 Tabs",200mg,60,87071,6291,2.58,0.04,484.33
"Abacavir 300mg, tablets, 60 Tabs","Abacavir 300mg, tablets, 60 Tabs",300mg,60,3000,342,16.44,0.27,106.33
"Nevirapine 200mg, tablets, 60 Tabs","Nevirapine 200mg, tablets, 60 Tabs",200mg,60,233,1161,2.66,0.04,1.34
"Lamivudine/Zidovudine 150/300mg, tablets, 60 Tabs","Lamivudine/Zidovudine 150/300mg, tablets, 60 Tabs",150/300mg,60,62753,5090,8.55,0.14,1156.78
"Lopinavir/Ritonavir 200/50mg, tablets, 120 Tabs","Lopinavir/Ritonavir 200/50mg, tablets, 120 Tabs",200/50mg,120,3900,950,36,0.3,302.7
"Nevirapine 200mg, tablets, 60 Tabs","Nevirapine 200mg, tablets, 60 Tabs",200mg,60,160786,See DN-2090 (ID#:82366),2.58,0.04,894.37
"Efavirenz 200mg, capsule, 90 Caps","Efavirenz 200mg, capsule, 90 Caps",200mg,90,1050,See DN-2090 (ID#:82366),9.69,0.11,21.94
"Tenofovir Disoproxil Fumarate 300mg, tablets, 30 Tabs","Tenofovir Disoproxil Fumarate 300mg, tablets, 30 Tabs",300mg,30,4480,3629,6.57,0.22,63.46
"Zidovudine 300mg, tablets, 60 Tabs","Zidovudine 300mg, tablets, 60 Tabs",300mg,60,12240,671,7.21,0.12,190.27
"Zidovudine 300mg, tablets, 60 Tabs","Zidovudine 300mg, tablets, 60 Tabs",300mg,60,13362,See DN-2108 (ID#:82368),7.21,0.12,207.71
"Efavirenz 600mg, tablets, 30 Tabs","Efavirenz 600mg, tablets, 30 Tabs",600mg,30,52231,4447,4.34,0.14,488.73
"Nevirapine 10mg/ml, oral suspension w/syringe, Bottle, 240 ml","Nevirapine 10mg/ml, oral suspension w/syringe, Bottle, 240 ml",10mg/ml,240,1000,830,1.95,0.01,4.2
"Zidovudine 10mg/ml, oral solution w/syringe, Bottle, 240 ml","Zidovudine 10mg/ml, oral solution w/syringe, Bottle, 240 ml",10mg/ml,240,2823,1098,2.1,0.01,9.78
"Lamivudine/Zidovudine 150/300mg, tablets, 60 Tabs","Lamivudine/Zidovudine 150/300mg, tablets, 60 Tabs",150/300mg,60,25000,2565,8.55,0.14,460.84
"Nevirapine 200mg, tablets, 60 Tabs","Nevirapine 200mg, tablets, 60 Tabs",200mg,60,91970,5357,2.51,0.04,497.7
"Abacavir 20mg/ml, oral solution w/syringe, Bottle, 240 ml","Abacavir 20mg/ml, oral solution w/syringe, Bottle, 240 ml",20mg/ml,240,1965,724,13.7,0.06,44.42
"Lamivudine/Nevirapine/Zidovudine 150/200/300mg, tablets, 60 Tabs","Lamivudine/Nevirapine/Zidovudine 150/200/300mg, tablets, 60 Tabs",150/300/200mg,60,45000,See DN-2153 (ID#:82374),11.22,0.19,833.08
"Tenofovir Disoproxil Fumarate 300mg, tablets, 30 Tabs","Tenofovir Disoproxil Fumarate 300mg, tablets, 30 Tabs",300mg,30,844,76,6.57,0.22,9.15
"Lamivudine/Stavudine 30/6mg, dispersible tablets, 60 Tabs","Lamivudine/Stavudine 30/6mg, dispersible tablets, 60 Tabs",30/6mg,60,3453,687,1.9,0.03,14.14
"Didanosine 250mg, delayed-release capsules, 30 Caps","Didanosine 250mg, delayed-release capsules, 30 Caps",250mg,30,6872,577,13,0.43,147.4
"Didanosine 400mg, delayed-release capsules, 30 Caps","Didanosine 400mg, delayed-release capsules, 30 Caps",400mg,30,1237,See DN-2200 (ID#:82947),20,0.67,40.82
"Lamivudine/Zidovudine 30/60mg, tablets, 60 Tabs","Lamivudine/Zidovudine 30/60mg, tablets, 60 Tabs",30/60mg,60,1988,1671,3.25,0.05,13.93
"Lamivudine/Nevirapine/Stavudine 150/200/30mg, tablets, 60 Tabs","Lamivudine/Nevirapine/Stavudine 150/200/30mg, tablets, 60 Tabs",150/200/30mg,60,19512,10589,5.38,0.09,226.33
"Lamivudine/Zidovudine 150/300mg, tablets, 60 Tabs","Lamivudine/Zidovudine 150/300mg, tablets, 60 Tabs",150/300mg,60,32000,3175,8.26,0.14,436.13
"Lamivudine/Zidovudine 150/300mg, tablets, 60 Tabs","Lamivudine/Zidovudine 150/300mg, tablets, 60 Tabs",150/300mg,60,12609,4114,8.26,0.14,171.85
"Efavirenz 200mg, capsule, 90 Caps","Efavirenz 200mg, capsule, 90 Caps",200mg,90,1220,169,9.69,0.11,19.51
"Efavirenz 600mg, tablets, 30 Tabs","Efavirenz 600mg, tablets, 30 Tabs",600mg,30,72029,7682,4.22,0.14,501.54
"Nevirapine 200mg, tablets, 60 Tabs","Nevirapine 200mg, tablets, 60 Tabs",200mg,60,2800,161,2.58,0.04,11.92
"Zidovudine 10mg/ml, oral solution w/syringe, Bottle, 240 ml","Zidovudine 10mg/ml, oral solution w/syringe, Bottle, 240 ml",10mg/ml,240,390,140,2.1,0.01,1.77
"Lamivudine/Zidovudine 150/300mg, tablets, 60 Tabs","Lamivudine/Zidovudine 150/300mg, tablets, 60 Tabs",150/300mg,60,29998,3274,8.26,0.14,408.84
"Efavirenz 50mg, capsule, 30 Caps","Efavirenz 50mg, capsule, 30 Caps",50mg,30,1428,1055,2.24,0.07,5.28
"Lamivudine/Nevirapine/Zidovudine 150/200/300mg, tablets, 60 Tabs","Lamivudine/Nevirapine/Zidovudine 150/200/300mg, tablets, 60 Tabs",150/300/200mg,60,125202,34813,11.22,0.19,2317.86
"Efavirenz/Emtricitabine/Tenofovir Disoproxil Fumarate 600/200/300mg, tablets, 30 Tabs","Efavirenz/Emtricitabine/Tenofovir Disoproxil Fumarate 600/200/300mg, tablets, 30 Tabs",600/200/300mg,30,62611,7190,19.92,0.66,2057.9
"Abacavir 300mg, tablets, 60 Tabs","Abacavir 300mg, tablets, 60 Tabs",300mg,60,5125,523,15.04,0.25,127.18
"Lamivudine/Nevirapine/Zidovudine 150/200/300mg, tablets, 60 Tabs","Lamivudine/Nevirapine/Zidovudine 150/200/300mg, tablets, 60 Tabs",150/300/200mg,60,20833,2757,11.22,0.19,385.68
"Efavirenz 600mg, tablets, 30 Tabs","Efavirenz 600mg, tablets, 30 Tabs",600mg,30,49425,4235,4.22,0.14,344.15
"Abacavir 300mg, tablets, 60 Tabs","Abacavir 300mg, tablets, 60 Tabs",300mg,60,38000,10847,15.5,0.26,971.85
"Lamivudine/Zidovudine 150/300mg, tablets, 60 Tabs","Lamivudine/Zidovudine 150/300mg, tablets, 60 Tabs",150/300mg,60,25312,4988,8.55,0.14,357.09
"Zidovudine 10mg/ml, oral solution w/syringe, Bottle, 240 ml","Zidovudine 10mg/ml, oral solution w/syringe, Bottle, 240 ml",10mg/ml,240,8768,10030,2.1,0.01,30.38
"Nevirapine 200mg, tablets, 60 Tabs","Nevirapine 200mg, tablets, 60 Tabs",200mg,60,34100,See DN-2310 (ID#:82968),2.51,0.04,141.23
"Zidovudine 10mg/ml, oral solution w/syringe, Bottle, 240 ml","Zidovudine 10mg/ml, oral solution w/syringe, Bottle, 240 ml",10mg/ml,240,5625,2157,2.02,0.01,18.75
"Didanosine 200mg, delayed-release capsules, 30 Caps","Didanosine 200mg, delayed-release capsules, 30 Caps",200mg,30,51,6,11,0.37,1.21
"Didanosine 200mg, delayed-release capsules, 30 Caps","Didanosine 200mg, delayed-release capsules, 30 Caps",200mg,30,36,See DN-2318 (ID#:82971),11,0.37,0.85
"Lamivudine/Zidovudine 150/300mg, tablets, 60 Tabs","Lamivudine/Zidovudine 150/300mg, tablets, 60 Tabs",150/300mg,60,73692,21879,8.26,0.14,1004.35
"Efavirenz 600mg, tablets, 30 Tabs","Efavirenz 600mg, tablets, 30 Tabs",600mg,30,99366,8045,4.32,0.14,708.28
"Efavirenz 600mg, tablets, 30 Tabs","Efavirenz 600mg, tablets, 30 Tabs",600mg,30,45608,5406,4.22,0.14,317.57
"Efavirenz 600mg, tablets, 30 Tabs","Efavirenz 600mg, tablets, 30 Tabs",600mg,30,47312,20230,4.22,0.14,329.43
"Lamivudine/Nevirapine/Stavudine 150/200/30mg, tablets, 60 Tabs","Lamivudine/Nevirapine/Stavudine 150/200/30mg, tablets, 60 Tabs",150/200/30mg,60,70000,5154,5.38,0.09,621.39
"Nevirapine 200mg, tablets, 60 Tabs","Nevirapine 200mg, tablets, 60 Tabs",200mg,60,15000,877,2.51,0.04,62.12
"Abacavir 300mg, tablets, 60 Tabs","Abacavir 300mg, tablets, 60 Tabs",300mg,60,89,See DN-2348 (ID#:82402),14.63,0.24,2.15
"Tenofovir Disoproxil Fumarate 300mg, tablets, 30 Tabs","Tenofovir Disoproxil Fumarate 300mg, tablets, 30 Tabs",300mg,30,1639,107,6.42,0.21,17.36
"Lamivudine/Tenofovir Disoproxil Fumarate 300/300mg, tablets, 30 Tabs","Lamivudine/Tenofovir Disoproxil Fumarate 300/300mg, tablets, 30 Tabs",300/300mg,30,100654,9629,8.63,0.29,1433.26
"Efavirenz 600mg, tablets, 30 Tabs","Efavirenz 600mg, tablets, 30 Tabs",600mg,30,4200,257,4.22,0.14,29.24
"Nevirapine 10mg/ml, oral suspension, Bottle, 240 ml","Nevirapine 10mg/ml, oral suspension, Bottle, 240 ml",10mg/ml,240,2047,See DN-2392 (ID#:82413),1.8,0.01,6.08
"Nevirapine 200mg, tablets, 60 Tabs","Nevirapine 200mg, tablets, 60 Tabs",200mg,60,55800,5598,2.51,0.04,231.1
"Zidovudine 10mg/ml, oral solution w/syringe, Bottle, 240 ml","Zidovudine 10mg/ml, oral solution w/syringe, Bottle, 240 ml",10mg/ml,240,2350,904,2.1,0.01,8.14
"Zidovudine 100mg, capsules, 100 Caps","Zidovudine 100mg, capsules, 100 Caps",100mg,100,2256,172,4.76,0.05,17.72
"Efavirenz/Emtricitabine/Tenofovir Disoproxil Fumarate 600/200/300mg, tablets, 30 Tabs","Efavirenz/Emtricitabine/Tenofovir Disoproxil Fumarate 600/200/300mg, tablets, 30 Tabs",600/200/300mg,30,6678,2244,19.92,0.66,219.49
"Efavirenz 50mg, capsule, 30 Caps","Efavirenz 50mg, capsule, 30 Caps",50mg,30,500,30,2.24,0.07,1.85
"Efavirenz 50mg, capsule, 30 Caps","Efavirenz 50mg, capsule, 30 Caps",50mg,30,700,46,2.24,0.07,2.59
"Lamivudine/Nevirapine/Stavudine 150/200/30mg, tablets, 60 Tabs","Lamivudine/Nevirapine/Stavudine 150/200/30mg, tablets, 60 Tabs",150/200/30mg,60,9493,1021,5.56,0.09,87.09
"Lamivudine/Nevirapine/Stavudine 150/200/30mg, tablets, 60 Tabs","Lamivudine/Nevirapine/Stavudine 150/200/30mg, tablets, 60 Tabs",150/200/30mg,60,75507,8578,5.38,0.09,670.28
"Lamivudine/Zidovudine 150/300mg, tablets, 60 Tabs","Lamivudine/Zidovudine 150/300mg, tablets, 60 Tabs",150/300mg,60,4226,8,8.26,0.14,57.6
"Nevirapine 200mg, tablets, 60 Tabs","Nevirapine 200mg, tablets, 60 Tabs",200mg,60,99999,13437,2.44,0.04,342.08
"Efavirenz/Emtricitabine/Tenofovir Disoproxil Fumarate 600/200/300mg, tablets, 30 Tabs","Efavirenz/Emtricitabine/Tenofovir Disoproxil Fumarate 600/200/300mg, tablets, 30 Tabs",600/200/300mg,30,8665,See DN-2461 (ID#:82994),19.92,0.66,284.8
"Efavirenz 600mg, tablets, 30 Tabs","Efavirenz 600mg, tablets, 30 Tabs",600mg,30,15155,See DN-2461 (ID#:82994),4.12,0.14,103.02
"Efavirenz/Lamivudine/Tenofovir Disoproxil Fumarate 600/300/300mg, tablets, 30 Tabs","Efavirenz/Lamivudine/Tenofovir Disoproxil Fumarate 600/300/300mg, tablets, 30 Tabs",600/300/300mg,30,51763,1645,17.08,0.57,1458.78
"Emtricitabine/Tenofovir Disoproxil Fumarate 200/300mg, tablets, 30 Tabs","Emtricitabine/Tenofovir Disoproxil Fumarate 200/300mg, tablets, 30 Tabs",200/300mg,30,66075,5727,8.97,0.3,977.94
"Abacavir 300mg, tablets, 60 Tabs","Abacavir 300mg, tablets, 60 Tabs",300mg,60,11,28,14.63,0.24,0.23
"Abacavir 300mg, tablets, 60 Tabs","Abacavir 300mg, tablets, 60 Tabs",300mg,60,10,See DN-2493 (ID#:82432),14.63,0.24,0.21
"Lamivudine/Zidovudine 150/300mg, tablets, 60 Tabs","Lamivudine/Zidovudine 150/300mg, tablets, 60 Tabs",150/300mg,60,79,See DN-2496 (ID#:82434),8.26,0.14,0.91
"Abacavir 300mg, tablets, 60 Tabs","Abacavir 300mg, tablets, 60 Tabs",300mg,60,9,Weight Captured Separately,14.63,0.24,0.18
"Efavirenz 600mg, tablets, 30 Tabs","Efavirenz 600mg, tablets, 30 Tabs",600mg,30,10,See DN-2498 (ID#:83002),4.12,0.14,0.06
"Abacavir 300mg, tablets, 60 Tabs","Abacavir 300mg, tablets, 60 Tabs",300mg,60,55,Weight Captured Separately,14.63,0.24,1.13
"Efavirenz 600mg, tablets, 30 Tabs","Efavirenz 600mg, tablets, 30 Tabs",600mg,30,59,See DN-2500 (ID#:82436),4.12,0.14,0.34
"Zidovudine 10mg/ml, oral solution w/syringe, Bottle, 240 ml","Zidovudine 10mg/ml, oral solution w/syringe, Bottle, 240 ml",10mg/ml,240,204,171,2.1,0.01,0.6
"Lamivudine/Tenofovir Disoproxil Fumarate 300/300mg, tablets, 30 Tabs","Lamivudine/Tenofovir Disoproxil Fumarate 300/300mg, tablets, 30 Tabs",300/300mg,30,14,See DN-2506 (ID#:82439),6.08,0.2,0.12
"Lamivudine/Nevirapine/Zidovudine 150/200/300mg, tablets, 60 Tabs","Lamivudine/Nevirapine/Zidovudine 150/200/300mg, tablets, 60 Tabs",150/300/200mg,60,15600,27345,11.22,0.19,288.8
"Lamivudine/Nevirapine/Zidovudine 150/200/300mg, tablets, 60 Tabs","Lamivudine/Nevirapine/Zidovudine 150/200/300mg, tablets, 60 Tabs",150/300/200mg,60,100000,See DN-2518 (ID#:83009),11.22,0.19,1851.3
"Abacavir 20mg/ml, oral solution w/syringe, Bottle, 240 ml","Abacavir 20mg/ml, oral solution w/syringe, Bottle, 240 ml",20mg/ml,240,1470,9635,12.5,0.05,25.76
"Efavirenz 50mg, capsule, 30 Caps","Efavirenz 50mg, capsule, 30 Caps",50mg,30,24747,1437,2.24,0.07,91.46
"Lopinavir/Ritonavir 200/50mg [Aluvia], tablets, 120 Tabs","Lopinavir/Ritonavir 200/50mg [Aluvia], tablets, 120 Tabs",200/50mg,120,17030,3508,33.74,0.28,948.08
"Lopinavir/Ritonavir 200/50mg, tablets, 120 Tabs","Lopinavir/Ritonavir 200/50mg, tablets, 120 Tabs",200/50mg,120,3679,932,33.6,0.28,203.96
"Nevirapine 10mg/ml, oral suspension w/syringe, Bottle, 240 ml","Nevirapine 10mg/ml, oral suspension w/syringe, Bottle, 240 ml",10mg/ml,240,4013,1487,1.95,0.01,12.91
"Lamivudine/Nevirapine/Zidovudine 150/200/300mg, tablets, 60 Tabs","Lamivudine/Nevirapine/Zidovudine 150/200/300mg, tablets, 60 Tabs",150/300/200mg,60,84000,11160,11,0.18,1295.45
"Lamivudine 150mg, tablets, 60 Tabs","Lamivudine 150mg, tablets, 60 Tabs",150mg,60,96018,4271,2.33,0.04,369.14
"Nevirapine 10mg/ml, oral suspension w/syringe, Bottle, 240 ml","Nevirapine 10mg/ml, oral suspension w/syringe, Bottle, 240 ml",10mg/ml,240,41737,15160,1.95,0.01,134.29
"Lamivudine/Nevirapine/Zidovudine 150/200/300mg, tablets, 60 Tabs","Lamivudine/Nevirapine/Zidovudine 150/200/300mg, tablets, 60 Tabs",150/300/200mg,60,185875,26760,11.22,0.19,3441.1
"Efavirenz/Emtricitabine/Tenofovir Disoproxil Fumarate 600/200/300mg, tablets, 30 Tabs","Efavirenz/Emtricitabine/Tenofovir Disoproxil Fumarate 600/200/300mg, tablets, 30 Tabs",600/200/300mg,30,131280,15032,16.73,0.56,3623.92
"Lamivudine/Zidovudine 30/60mg, tablets, 60 Tabs","Lamivudine/Zidovudine 30/60mg, tablets, 60 Tabs",30/60mg,60,15,5256,2.99,0.05,0.06
"Tenofovir Disoproxil Fumarate 300mg, tablets, 30 Tabs","Tenofovir Disoproxil Fumarate 300mg, tablets, 30 Tabs",300mg,30,192,20,5.5,0.18,1.48
"Nevirapine 200mg, tablets, 60 Tabs","Nevirapine 200mg, tablets, 60 Tabs",200mg,60,5924,1421,2.51,0.04,20.85
"Lamivudine/Nevirapine/Zidovudine 150/200/300mg, tablets, 60 Tabs","Lamivudine/Nevirapine/Zidovudine 150/200/300mg, tablets, 60 Tabs",150/300/200mg,60,117749,28088,11.22,0.19,2179.89
"Didanosine 200mg, delayed-release capsules, 30 Caps","Didanosine 200mg, delayed-release capsules, 30 Caps",200mg,30,1825,119,11,0.37,33.12
"Didanosine 200mg, delayed-release capsules, 30 Caps","Didanosine 200mg, delayed-release capsules, 30 Caps",200mg,30,1235,649,11,0.37,19.05
"Lamivudine/Nevirapine/Zidovudine 150/200/300mg, tablets, 60 Tabs","Lamivudine/Nevirapine/Zidovudine 150/200/300mg, tablets, 60 Tabs",150/300/200mg,60,48821,6949,11.22,0.19,903.82
"Lopinavir/Ritonavir 200/50mg [Aluvia], tablets, 120 Tabs","Lopinavir/Ritonavir 200/50mg [Aluvia], tablets, 120 Tabs",200/50mg,120,500,709,30.82,0.26,21.6
"Lamivudine/Tenofovir Disoproxil Fumarate 300/300mg, tablets, 30 Tabs","Lamivudine/Tenofovir Disoproxil Fumarate 300/300mg, tablets, 30 Tabs",300/300mg,30,847,85,5.54,0.18,6.58
"Lamivudine/Tenofovir Disoproxil Fumarate 300/300mg, tablets, 30 Tabs","Lamivudine/Tenofovir Disoproxil Fumarate 300/300mg, tablets, 30 Tabs",300/300mg,30,78082,See DN-2655 (ID#:82474),5.54,0.18,713.75
"Lamivudine/Tenofovir Disoproxil Fumarate 300/300mg, tablets, 30 Tabs","Lamivudine/Tenofovir Disoproxil Fumarate 300/300mg, tablets, 30 Tabs",300/300mg,30,78082,14314,5.54,0.18,713.75
"Abacavir 300mg, tablets, 60 Tabs","Abacavir 300mg, tablets, 60 Tabs",300mg,60,180,123,12.96,0.22,2.89
"Efavirenz 600mg, tablets, 30 Tabs","Efavirenz 600mg, tablets, 30 Tabs",600mg,30,17422,See DN-2656 (ID#:83032),3.91,0.13,112.4
"Lamivudine/Stavudine 150/30mg, tablets, 60 Tabs","Lamivudine/Stavudine 150/30mg, tablets, 60 Tabs",150/30mg,60,7150,See DN-2656 (ID#:83032),2.95,0.05,34.8
"Efavirenz 600mg, tablets, 30 Tabs","Efavirenz 600mg, tablets, 30 Tabs",600mg,30,46190,4539,4.12,0.14,266.8
"Efavirenz 600mg, tablets, 30 Tabs","Efavirenz 600mg, tablets, 30 Tabs",600mg,30,20000,2501,3.91,0.13,109.64
"Lamivudine/Zidovudine 150/300mg, tablets, 60 Tabs","Lamivudine/Zidovudine 150/300mg, tablets, 60 Tabs",150/300mg,60,17827,2939,7.78,0.13,194.45
"Efavirenz 600mg, tablets, 30 Tabs","Efavirenz 600mg, tablets, 30 Tabs",600mg,30,23000,1403,3.91,0.13,126.08
"Lamivudine/Nevirapine/Zidovudine 150/200/300mg, tablets, 60 Tabs","Lamivudine/Nevirapine/Zidovudine 150/200/300mg, tablets, 60 Tabs",150/300/200mg,60,2000,274,10.29,0.17,28.85
"Nevirapine 200mg, tablets, 60 Tabs","Nevirapine 200mg, tablets, 60 Tabs",200mg,60,6026,6944,2.44,0.04,20.61
"Tenofovir Disoproxil Fumarate 300mg, tablets, 30 Tabs","Tenofovir Disoproxil Fumarate 300mg, tablets, 30 Tabs",300mg,30,1056,69,5.5,0.18,8.14
"Lamivudine/Nevirapine/Stavudine 150/200/30mg, tablets, 60 Tabs","Lamivudine/Nevirapine/Stavudine 150/200/30mg, tablets, 60 Tabs",150/200/30mg,60,71030,6990,4.7,0.08,550.84
"Lamivudine/Zidovudine 150/300mg, tablets, 60 Tabs","Lamivudine/Zidovudine 150/300mg, tablets, 60 Tabs",150/300mg,60,3345,See DN-2695 (ID#:83043),7.78,0.13,42.94
"Lopinavir/Ritonavir 200/50mg, tablets, 120 Tabs","Lopinavir/Ritonavir 200/50mg, tablets, 120 Tabs",200/50mg,120,600,895,29.68,0.25,24.97
"Nevirapine 10mg/ml, oral suspension w/syringe, Bottle, 240 ml","Nevirapine 10mg/ml, oral suspension w/syringe, Bottle, 240 ml",10mg/ml,240,1500,See DN-2697 (ID#:83045),1.95,0.01,4.1
"Nevirapine 10mg/ml, oral suspension w/syringe, Bottle, 240 ml","Nevirapine 10mg/ml, oral suspension w/syringe, Bottle, 240 ml",10mg/ml,240,60968,Weight Captured Separately,1.95,0.01,166.68
"Emtricitabine/Tenofovir Disoproxil Fumarate 200/300mg, tablets, 30 Tabs","Emtricitabine/Tenofovir Disoproxil Fumarate 200/300mg, tablets, 30 Tabs",200/300mg,30,13743,1340,8.04,0.27,154.91
"Lamivudine/Nevirapine/Zidovudine 150/200/300mg, tablets, 60 Tabs","Lamivudine/Nevirapine/Zidovudine 150/200/300mg, tablets, 60 Tabs",150/300/200mg,60,116254,14964,10.29,0.17,1677.15
"Tenofovir Disoproxil Fumarate 300mg, tablets, 30 Tabs","Tenofovir Disoproxil Fumarate 300mg, tablets, 30 Tabs",300mg,30,1685,137,5.5,0.18,12.99
"Nevirapine 200mg, tablets, 60 Tabs","Nevirapine 200mg, tablets, 60 Tabs",200mg,60,100156,10687,2.44,0.04,342.62
"Lamivudine/Zidovudine 150/300mg, tablets, 60 Tabs","Lamivudine/Zidovudine 150/300mg, tablets, 60 Tabs",150/300mg,60,74288,7351,7.78,0.13,810.3
"Efavirenz 600mg, tablets, 30 Tabs","Efavirenz 600mg, tablets, 30 Tabs",600mg,30,3103,See DN-2729 (ID#:82487),3.81,0.13,16.58
"Efavirenz 200mg, capsule, 90 Caps","Efavirenz 200mg, capsule, 90 Caps",200mg,90,1480,187,8.26,0.09,17.14
"Efavirenz 600mg, tablets, 30 Tabs","Efavirenz 600mg, tablets, 30 Tabs",600mg,30,13373,816,3.91,0.13,73.31
"HIV 1/2, Determine Complete HIV Kit, 100 Tests","HIV 1/2, Determine Complete HIV Kit, 100 Tests",,100,725,225,80,0.8,81.32
"Lamivudine/Nevirapine/Zidovudine 150/200/300mg, tablets, 60 Tabs","Lamivudine/Nevirapine/Zidovudine 150/200/300mg, tablets, 60 Tabs",150/300/200mg,60,159964,37944,9.81,0.16,2200.08
"Lamivudine/Tenofovir Disoproxil Fumarate 300/300mg, tablets, 30 Tabs","Lamivudine/Tenofovir Disoproxil Fumarate 300/300mg, tablets, 30 Tabs",300/300mg,30,20000,8996,5.54,0.18,155.34
"Lopinavir/Ritonavir 200/50mg, tablets, 120 Tabs","Lopinavir/Ritonavir 200/50mg, tablets, 120 Tabs",200/50mg,120,5000,1199,29.68,0.25,208.06
"Efavirenz 600mg, tablets, 30 Tabs","Efavirenz 600mg, tablets, 30 Tabs",600mg,30,54392,4883,3.81,0.13,290.54
"Lamivudine/Zidovudine 150/300mg, tablets, 60 Tabs","Lamivudine/Zidovudine 150/300mg, tablets, 60 Tabs",150/300mg,60,1048,4809,8,0.13,11.75
"Abacavir 300mg, tablets, 60 Tabs","Abacavir 300mg, tablets, 60 Tabs",300mg,60,6849,880,13.15,0.22,126.27
"Efavirenz 600mg, tablets, 30 Tabs","Efavirenz 600mg, tablets, 30 Tabs",600mg,30,66160,5641,3.91,0.13,362.68
"Efavirenz 200mg, capsule, 90 Caps","Efavirenz 200mg, capsule, 90 Caps",200mg,90,52,38,8.26,0.09,0.6
"Lamivudine/Zidovudine 150/300mg, tablets, 60 Tabs","Lamivudine/Zidovudine 150/300mg, tablets, 60 Tabs",150/300mg,60,1224,3637,7.72,0.13,13.25
"Lamivudine/Tenofovir Disoproxil Fumarate 300/300mg, tablets, 30 Tabs","Lamivudine/Tenofovir Disoproxil Fumarate 300/300mg, tablets, 30 Tabs",300/300mg,30,25000,5897,5.36,0.18,187.87
"Efavirenz/Emtricitabine/Tenofovir Disoproxil Fumarate 600/200/300mg, tablets, 30 Tabs","Efavirenz/Emtricitabine/Tenofovir Disoproxil Fumarate 600/200/300mg, tablets, 30 Tabs",600/200/300mg,30,107489,13193,15.04,0.5,2266.52
"Zidovudine 300mg, tablets, 60 Tabs","Zidovudine 300mg, tablets, 60 Tabs",300mg,60,27633,See DN-2832 (ID#:82505),6.76,0.11,308.22
"Emtricitabine/Tenofovir Disoproxil Fumarate 200/300mg, tablets, 30 Tabs","Emtricitabine/Tenofovir Disoproxil Fumarate 200/300mg, tablets, 30 Tabs",200/300mg,30,107175,8709,7.11,0.24,1068.34
"Efavirenz 600mg, tablets, 30 Tabs","Efavirenz 600mg, tablets, 30 Tabs",600mg,30,182876,See DN-2833 (ID#:82506),3.91,0.13,1002.49
"Lamivudine/Nevirapine/Zidovudine 150/200/300mg, tablets, 60 Tabs","Lamivudine/Nevirapine/Zidovudine 150/200/300mg, tablets, 60 Tabs",150/300/200mg,60,75024,See DN-2837 (ID#:82507),9.81,0.16,1031.85
"Lopinavir/Ritonavir 200/50mg, tablets, 120 Tabs","Lopinavir/Ritonavir 200/50mg, tablets, 120 Tabs",200/50mg,120,4968,1207,29.31,0.24,204.15
"Lopinavir/Ritonavir 200/50mg, tablets, 120 Tabs","Lopinavir/Ritonavir 200/50mg, tablets, 120 Tabs",200/50mg,120,8517,2078,29.68,0.25,354.4
"Lopinavir/Ritonavir 200/50mg, tablets, 120 Tabs","Lopinavir/Ritonavir 200/50mg, tablets, 120 Tabs",200/50mg,120,10979,2881,29.68,0.25,456.85
"Nevirapine 200mg, tablets, 60 Tabs","Nevirapine 200mg, tablets, 60 Tabs",200mg,60,69922,4444,2.44,0.04,239.19
"Abacavir 20mg/ml, oral solution w/syringe, Bottle, 240 ml","Abacavir 20mg/ml, oral solution w/syringe, Bottle, 240 ml",20mg/ml,240,4928,1800,12.5,0.05,86.36
"Lopinavir/Ritonavir 200/50mg, tablets, 120 Tabs","Lopinavir/Ritonavir 200/50mg, tablets, 120 Tabs",200/50mg,120,16515,3991,29.68,0.25,687.21
"Zidovudine 300mg, tablets, 60 Tabs","Zidovudine 300mg, tablets, 60 Tabs",300mg,60,9360,See DN-2858 (ID#:82511),6.76,0.11,88.71
"Lamivudine/Tenofovir Disoproxil Fumarate 300/300mg, tablets, 30 Tabs","Lamivudine/Tenofovir Disoproxil Fumarate 300/300mg, tablets, 30 Tabs",300/300mg,30,11994,1199,5.36,0.18,90.13
"Nevirapine 200mg, tablets, 60 Tabs","Nevirapine 200mg, tablets, 60 Tabs",200mg,60,3167,775,2.42,0.04,10.75
"Lamivudine/Zidovudine 150/300mg, tablets, 60 Tabs","Lamivudine/Zidovudine 150/300mg, tablets, 60 Tabs",150/300mg,60,3540,See DN-2873 (ID#:82515),7.72,0.13,38.31
"Efavirenz/Lamivudine/Tenofovir Disoproxil Fumarate 600/300/300mg, tablets, 30 Tabs","Efavirenz/Lamivudine/Tenofovir Disoproxil Fumarate 600/300/300mg, tablets, 30 Tabs",600/300/300mg,30,3234,See DN-2885 (ID#:82518),13.27,0.44,60.17
"Efavirenz 600mg, tablets, 30 Tabs","Efavirenz 600mg, tablets, 30 Tabs",600mg,30,71406,See DN-2886 (ID#:82519),3.64,0.12,364.4
"Lamivudine/Tenofovir Disoproxil Fumarate 300/300mg, tablets, 30 Tabs","Lamivudine/Tenofovir Disoproxil Fumarate 300/300mg, tablets, 30 Tabs",300/300mg,30,21514,See DN-2886 (ID#:82519),5.36,0.18,161.67
"Efavirenz/Lamivudine/Tenofovir Disoproxil Fumarate 600/300/300mg, tablets, 30 Tabs","Efavirenz/Lamivudine/Tenofovir Disoproxil Fumarate 600/300/300mg, tablets, 30 Tabs",600/300/300mg,30,20000,3943,13.27,0.44,372.09
"Lamivudine/Zidovudine 30/60mg, tablets, 60 Tabs","Lamivudine/Zidovudine 30/60mg, tablets, 60 Tabs",30/60mg,60,26267,1875,2.76,0.05,101.64
"Abacavir 20mg/ml, oral solution w/syringe, Bottle, 240 ml","Abacavir 20mg/ml, oral solution w/syringe, Bottle, 240 ml",20mg/ml,240,42,16,12.5,0.05,0.74
"Lamivudine/Zidovudine 30/60mg, tablets, 60 Tabs","Lamivudine/Zidovudine 30/60mg, tablets, 60 Tabs",30/60mg,60,10080,5466,2.76,0.05,39
"Lamivudine 150mg, tablets, 60 Tabs","Lamivudine 150mg, tablets, 60 Tabs",150mg,60,15393,768,2.16,0.04,46.61
"Lopinavir/Ritonavir 200/50mg, tablets, 120 Tabs","Lopinavir/Ritonavir 200/50mg, tablets, 120 Tabs",200/50mg,120,17600,See DN-2932 (ID#:83091),26.7,0.22,658.83
"Lamivudine/Zidovudine 150/300mg, tablets, 60 Tabs","Lamivudine/Zidovudine 150/300mg, tablets, 60 Tabs",150/300mg,60,29220,3809,7.72,0.13,279.04
"Lamivudine/Stavudine 30/6mg, dispersible tablets, 60 Tabs","Lamivudine/Stavudine 30/6mg, dispersible tablets, 60 Tabs",30/6mg,60,9215,See DN-2942 (ID#:82530),1.9,0.03,24.55
"Nevirapine 200mg, tablets, 60 Tabs","Nevirapine 200mg, tablets, 60 Tabs",200mg,60,36000,See DN-2946 (ID#:82531),2.42,0.04,122.14
"Lamivudine/Zidovudine 30/60mg, tablets, 60 Tabs","Lamivudine/Zidovudine 30/60mg, tablets, 60 Tabs",30/60mg,60,3952,2705,2.76,0.05,15.29
"Lamivudine/Tenofovir Disoproxil Fumarate 300/300mg, tablets, 30 Tabs","Lamivudine/Tenofovir Disoproxil Fumarate 300/300mg, tablets, 30 Tabs",300/300mg,30,34997,10698,5.36,0.18,262.99
"Tenofovir Disoproxil Fumarate 300mg, tablets, 30 Tabs","Tenofovir Disoproxil Fumarate 300mg, tablets, 30 Tabs",300mg,30,5856,354,4.82,0.16,39.57
"Efavirenz 200mg, scored tablets, 90 Tabs","Efavirenz 200mg, scored tablets, 90 Tabs",200mg,90,5765,350,7.3,0.08,59
"Lamivudine/Tenofovir Disoproxil Fumarate 300/300mg, tablets, 30 Tabs","Lamivudine/Tenofovir Disoproxil Fumarate 300/300mg, tablets, 30 Tabs",300/300mg,30,1525,See DN-2952 (ID#:82537),4.81,0.16,10.28
"Efavirenz 600mg, tablets, 30 Tabs","Efavirenz 600mg, tablets, 30 Tabs",600mg,30,568,See DN-2981 (ID#:82538),3.56,0.12,2.5
"Lamivudine/Nevirapine/Zidovudine 150/200/300mg, tablets, 60 Tabs","Lamivudine/Nevirapine/Zidovudine 150/200/300mg, tablets, 60 Tabs",150/300/200mg,60,182729,25666,8.97,0.15,2297.99
"Lamivudine/Zidovudine 150/300mg, tablets, 60 Tabs","Lamivudine/Zidovudine 150/300mg, tablets, 60 Tabs",150/300mg,60,39096,3591,7.27,0.12,351.59
"Nevirapine 10mg/ml, oral suspension w/syringe, Bottle, 240 ml","Nevirapine 10mg/ml, oral suspension w/syringe, Bottle, 240 ml",10mg/ml,240,738,112,1.95,0.01,1.78
"Lamivudine/Tenofovir Disoproxil Fumarate 300/300mg, tablets, 30 Tabs","Lamivudine/Tenofovir Disoproxil Fumarate 300/300mg, tablets, 30 Tabs",300/300mg,30,9033,941,4.7,0.16,59.52
"Emtricitabine/Tenofovir Disoproxil Fumarate 200/300mg, tablets, 30 Tabs","Emtricitabine/Tenofovir Disoproxil Fumarate 200/300mg, tablets, 30 Tabs",200/300mg,30,8300,760,6.07,0.2,62.32
"Abacavir/Lamivudine 60/30mg, tablets, 60 Tabs","Abacavir/Lamivudine 60/30mg, tablets, 60 Tabs",60/30mg,60,5024,2732,4.6,0.08,32.4
"Lamivudine/Zidovudine 150/300mg, tablets, 60 Tabs","Lamivudine/Zidovudine 150/300mg, tablets, 60 Tabs",150/300mg,60,10125,1887,7.27,0.12,103.2
"Nevirapine 200mg, tablets, 60 Tabs","Nevirapine 200mg, tablets, 60 Tabs",200mg,60,99999,See DN-3028 (ID#:82548),2.26,0.04,316.85
"Abacavir/Lamivudine 600/300mg, scored tablets, 30 Tabs","Abacavir/Lamivudine 600/300mg, scored tablets, 30 Tabs",600/300mg,30,270,18,13.96,0.47,5.28
"Nevirapine 200mg, tablets, 60 Tabs","Nevirapine 200mg, tablets, 60 Tabs",200mg,60,40520,20226,2.26,0.04,113.28
"Tenofovir Disoproxil Fumarate 300mg, tablets, 30 Tabs","Tenofovir Disoproxil Fumarate 300mg, tablets, 30 Tabs",300mg,30,1773,116,4.04,0.13,10.04
"Lamivudine/Stavudine 30/6mg, dispersible tablets, 60 Tabs","Lamivudine/Stavudine 30/6mg, dispersible tablets, 60 Tabs",30/6mg,60,822,107,1.9,0.03,1.93
"Lamivudine/Nevirapine/Zidovudine 150/200/300mg, tablets, 60 Tabs","Lamivudine/Nevirapine/Zidovudine 150/200/300mg, tablets, 60 Tabs",150/300/200mg,60,39072,See DN-3015 (ID#:82554),8.58,0.14,414.69
"Efavirenz/Emtricitabine/Tenofovir Disoproxil Fumarate 600/200/300mg, tablets, 30 Tabs","Efavirenz/Emtricitabine/Tenofovir Disoproxil Fumarate 600/200/300mg, tablets, 30 Tabs",600/200/300mg,30,100000,10442,13.69,0.46,1919.34
"Lopinavir/Ritonavir 200/50mg, tablets, 120 Tabs","Lopinavir/Ritonavir 200/50mg, tablets, 120 Tabs",200/50mg,120,3524,3264,24.76,0.21,122.33
"Lamivudine 10mg/ml, oral solution w/syringe, Bottle, 240 ml","Lamivudine 10mg/ml, oral solution w/syringe, Bottle, 240 ml",10mg/ml,240,1944,682,1.85,0.01,4.45
"Emtricitabine/Tenofovir Disoproxil Fumarate 200/300mg, tablets, 30 Tabs","Emtricitabine/Tenofovir Disoproxil Fumarate 200/300mg, tablets, 30 Tabs",200/300mg,30,4917,1283,6.38,0.21,38.81
"Emtricitabine/Tenofovir Disoproxil Fumarate 200/300mg, tablets, 30 Tabs","Emtricitabine/Tenofovir Disoproxil Fumarate 200/300mg, tablets, 30 Tabs",200/300mg,30,15027,1248,6.07,0.2,127.88
"Abacavir/Lamivudine 600/300mg, scored tablets, 30 Tabs","Abacavir/Lamivudine 600/300mg, scored tablets, 30 Tabs",600/300mg,30,5760,610,13.96,0.47,99.47
"Nevirapine 200mg, tablets, 60 Tabs","Nevirapine 200mg, tablets, 60 Tabs",200mg,60,8834,1600,2.26,0.04,24.7
"Lamivudine/Tenofovir Disoproxil Fumarate 300/300mg, tablets, 30 Tabs","Lamivudine/Tenofovir Disoproxil Fumarate 300/300mg, tablets, 30 Tabs",300/300mg,30,131520,19248,4.7,0.16,764.64
"Lamivudine/Tenofovir Disoproxil Fumarate 300/300mg, tablets, 30 Tabs","Lamivudine/Tenofovir Disoproxil Fumarate 300/300mg, tablets, 30 Tabs",300/300mg,30,29506,3133,4.7,0.16,171.54
"Lamivudine/Nevirapine/Zidovudine 150/200/300mg, tablets, 60 Tabs","Lamivudine/Nevirapine/Zidovudine 150/200/300mg, tablets, 60 Tabs",150/300/200mg,60,21300,13288,8.58,0.14,256.22
"Lamivudine/Nevirapine/Zidovudine 150/200/300mg, tablets, 60 Tabs","Lamivudine/Nevirapine/Zidovudine 150/200/300mg, tablets, 60 Tabs",150/300/200mg,60,8778,22043,8.58,0.14,105.59
"Efavirenz 600mg, tablets, 30 Tabs","Efavirenz 600mg, tablets, 30 Tabs",600mg,30,43563,4122,3.33,0.11,179.45
"Nevirapine 200mg, tablets, 60 Tabs","Nevirapine 200mg, tablets, 60 Tabs",200mg,60,4136,394,2.26,0.04,11.56
"Nevirapine 200mg, tablets, 60 Tabs","Nevirapine 200mg, tablets, 60 Tabs",200mg,60,3200,1230,2.26,0.04,8.95
"Lamivudine/Zidovudine 150/300mg, tablets, 60 Tabs","Lamivudine/Zidovudine 150/300mg, tablets, 60 Tabs",150/300mg,60,2940,See DN-3118 (ID#:82569),7.27,0.12,26.44
"Nevirapine 200mg, tablets, 60 Tabs","Nevirapine 200mg, tablets, 60 Tabs",200mg,60,11490,722,2.26,0.04,32.12
"Lamivudine/Zidovudine 150/300mg, tablets, 60 Tabs","Lamivudine/Zidovudine 150/300mg, tablets, 60 Tabs",150/300mg,60,75000,7515,7,0.12,649.42
"Abacavir/Lamivudine 600/300mg, scored tablets, 30 Tabs","Abacavir/Lamivudine 600/300mg, scored tablets, 30 Tabs",600/300mg,30,3400,315,13.96,0.47,58.71
"Efavirenz/Lamivudine/Tenofovir Disoproxil Fumarate 600/300/300mg, tablets, 30 Tabs","Efavirenz/Lamivudine/Tenofovir Disoproxil Fumarate 600/300/300mg, tablets, 30 Tabs",600/300/300mg,30,238606,31473,10.52,0.35,3105.04
"Lamivudine/Zidovudine 150/300mg, tablets, 60 Tabs","Lamivudine/Zidovudine 150/300mg, tablets, 60 Tabs",150/300mg,60,18547,See DN-3153 (ID#:82575),7,0.12,160.6
"Abacavir/Lamivudine 60/30mg, tablets, 60 Tabs","Abacavir/Lamivudine 60/30mg, tablets, 60 Tabs",60/30mg,60,955,104,4.6,0.08,5.43
"Lamivudine/Tenofovir Disoproxil Fumarate 300/300mg, tablets, 30 Tabs","Lamivudine/Tenofovir Disoproxil Fumarate 300/300mg, tablets, 30 Tabs",300/300mg,30,26112,2444,4.7,0.16,151.81
"Lamivudine/Nevirapine/Zidovudine 150/200/300mg, tablets, 60 Tabs","Lamivudine/Nevirapine/Zidovudine 150/200/300mg, tablets, 60 Tabs",150/300/200mg,60,73690,9886,8.58,0.14,782.11
"Abacavir/Lamivudine 60/30mg, tablets, 60 Tabs","Abacavir/Lamivudine 60/30mg, tablets, 60 Tabs",60/30mg,60,9377,485,4,0.07,46.4
"Lopinavir/Ritonavir 200/50mg, tablets, 120 Tabs","Lopinavir/Ritonavir 200/50mg, tablets, 120 Tabs",200/50mg,120,213,928,21.78,0.18,5.74
"Lamivudine/Zidovudine 150/300mg, tablets, 60 Tabs","Lamivudine/Zidovudine 150/300mg, tablets, 60 Tabs",150/300mg,60,54728,14143,7,0.12,473.89
"Lamivudine/Tenofovir Disoproxil Fumarate 300/300mg, tablets, 30 Tabs","Lamivudine/Tenofovir Disoproxil Fumarate 300/300mg, tablets, 30 Tabs",300/300mg,30,34385,11594,4.7,0.16,199.91
"Efavirenz 200mg, scored tablets, 90 Tabs","Efavirenz 200mg, scored tablets, 90 Tabs",200mg,90,338,25,7.3,0.08,3.05
"Emtricitabine/Tenofovir Disoproxil Fumarate 200/300mg, tablets, 30 Tabs","Emtricitabine/Tenofovir Disoproxil Fumarate 200/300mg, tablets, 30 Tabs",200/300mg,30,26000,3888,5.87,0.2,188.79
"Lamivudine/Tenofovir Disoproxil Fumarate 300/300mg, tablets, 30 Tabs","Lamivudine/Tenofovir Disoproxil Fumarate 300/300mg, tablets, 30 Tabs",300/300mg,30,4403,703,4.7,0.16,25.6
"Efavirenz/Emtricitabine/Tenofovir Disoproxil Fumarate 600/200/300mg, tablets, 30 Tabs","Efavirenz/Emtricitabine/Tenofovir Disoproxil Fumarate 600/200/300mg, tablets, 30 Tabs",600/200/300mg,30,67426,7596,12.3,0.41,1025.89
"Tenofovir Disoproxil Fumarate 300mg, tablets, 30 Tabs","Tenofovir Disoproxil Fumarate 300mg, tablets, 30 Tabs",300mg,30,1000,63,4.04,0.13,5
"Lamivudine/Zidovudine 150/300mg, tablets, 60 Tabs","Lamivudine/Zidovudine 150/300mg, tablets, 60 Tabs",150/300mg,60,16837,1353,7,0.12,145.79
"Lamivudine/Zidovudine 30/60mg, tablets, 60 Tabs","Lamivudine/Zidovudine 30/60mg, tablets, 60 Tabs",30/60mg,60,25836,5467,2.15,0.04,68.71
"Lamivudine/Nevirapine/Zidovudine 150/200/300mg, tablets, 60 Tabs","Lamivudine/Nevirapine/Zidovudine 150/200/300mg, tablets, 60 Tabs",150/300/200mg,60,251047,36448,8.58,0.14,2664.48
"Lamivudine/Zidovudine 150/300mg, tablets, 60 Tabs","Lamivudine/Zidovudine 150/300mg, tablets, 60 Tabs",150/300mg,60,3922,See DN-3329 (ID#:82602),7.27,0.12,35.27
"Efavirenz/Lamivudine/Tenofovir Disoproxil Fumarate 600/300/300mg, tablets, 30 Tabs","Efavirenz/Lamivudine/Tenofovir Disoproxil Fumarate 600/300/300mg, tablets, 30 Tabs",600/300/300mg,30,15246,Weight Captured Separately,11.15,0.37,210.28
"Nevirapine 200mg, tablets, 60 Tabs","Nevirapine 200mg, tablets, 60 Tabs",200mg,60,41250,2295,2.26,0.04,115.32
"Efavirenz/Lamivudine/Tenofovir Disoproxil Fumarate 600/300/300mg, tablets, 30 Tabs","Efavirenz/Lamivudine/Tenofovir Disoproxil Fumarate 600/300/300mg, tablets, 30 Tabs",600/300/300mg,30,16584,3132,11.15,0.37,228.74
"Nevirapine 200mg, tablets, 60 Tabs","Nevirapine 200mg, tablets, 60 Tabs",200mg,60,180892,6502,2.26,0.04,505.71
"Nevirapine 200mg, tablets, 60 Tabs","Nevirapine 200mg, tablets, 60 Tabs",200mg,60,80000,See DN-3361 (ID#:83172),2.26,0.04,223.65
"Lopinavir/Ritonavir 200/50mg [Aluvia], tablets, 120 Tabs","Lopinavir/Ritonavir 200/50mg [Aluvia], tablets, 120 Tabs",200/50mg,120,15119,7541,20.22,0.17,378.16
"Lamivudine/Nevirapine/Zidovudine 150/200/300mg, tablets, 60 Tabs","Lamivudine/Nevirapine/Zidovudine 150/200/300mg, tablets, 60 Tabs",150/300/200mg,60,38976,7482,8.58,0.14,413.67
"Lamivudine/Tenofovir Disoproxil Fumarate 300/300mg, tablets, 30 Tabs","Lamivudine/Tenofovir Disoproxil Fumarate 300/300mg, tablets, 30 Tabs",300/300mg,30,1920,160,4.7,0.16,11.16
"Lopinavir/Ritonavir 200/50mg, tablets, 120 Tabs","Lopinavir/Ritonavir 200/50mg, tablets, 120 Tabs",200/50mg,120,392,105,21,0.18,10.18
"Lopinavir/Ritonavir 200/50mg [Aluvia], tablets, 120 Tabs","Lopinavir/Ritonavir 200/50mg [Aluvia], tablets, 120 Tabs",200/50mg,120,8760,1798,20.22,0.17,219.11
"Nevirapine 200mg, tablets, 60 Tabs","Nevirapine 200mg, tablets, 60 Tabs",200mg,60,31144,10109,2.26,0.04,87.07
"Nevirapine 200mg, tablets, 60 Tabs","Nevirapine 200mg, tablets, 60 Tabs",200mg,60,51520,19991,2.31,0.04,147.22
"Zidovudine 10mg/ml, oral solution w/syringe, Bottle, 240 ml","Zidovudine 10mg/ml, oral solution w/syringe, Bottle, 240 ml",10mg/ml,240,2133,1784,2.1,0.01,5.54
"Lamivudine 150mg, tablets, 60 Tabs","Lamivudine 150mg, tablets, 60 Tabs",150mg,60,1700,75,2.23,0.04,4.69
"Nevirapine 200mg, tablets, 60 Tabs","Nevirapine 200mg, tablets, 60 Tabs",200mg,60,20124,See DN-3421 (ID#:82617),2.26,0.04,56.26
"Lamivudine 150mg, tablets, 60 Tabs","Lamivudine 150mg, tablets, 60 Tabs",150mg,60,161,See DN-3425 (ID#:82618),2.23,0.04,0.44
"Abacavir 300mg, tablets, 60 Tabs","Abacavir 300mg, tablets, 60 Tabs",300mg,60,1440,4395,11.46,0.19,20.41
"Abacavir 300mg, tablets, 60 Tabs","Abacavir 300mg, tablets, 60 Tabs",300mg,60,6275,See DN-3428 (ID#:83186),11.46,0.19,88.95
"Lamivudine/Nevirapine/Zidovudine 150/200/300mg, tablets, 60 Tabs","Lamivudine/Nevirapine/Zidovudine 150/200/300mg, tablets, 60 Tabs",150/300/200mg,60,150000,22942,8.58,0.14,1592.02
"Lamivudine/Nevirapine/Zidovudine 150/200/300mg, tablets, 60 Tabs","Lamivudine/Nevirapine/Zidovudine 150/200/300mg, tablets, 60 Tabs",150/300/200mg,60,961,See DN-3437 (ID#:83188),8.58,0.14,10.2
"Efavirenz/Lamivudine/Tenofovir Disoproxil Fumarate 600/300/300mg, tablets, 30 Tabs","Efavirenz/Lamivudine/Tenofovir Disoproxil Fumarate 600/300/300mg, tablets, 30 Tabs",600/300/300mg,30,200000,28992,11.15,0.37,2758.51
"Lamivudine/Nevirapine/Zidovudine 30/50/60mg, dispersible tablets, 60 Tabs","Lamivudine/Nevirapine/Zidovudine 30/50/60mg, dispersible tablets, 60 Tabs",30/50/60mg,60,37979,1628,3.89,0.06,182.75
"Efavirenz/Lamivudine/Tenofovir Disoproxil Fumarate 600/300/300mg, tablets, 30 Tabs","Efavirenz/Lamivudine/Tenofovir Disoproxil Fumarate 600/300/300mg, tablets, 30 Tabs",600/300/300mg,30,68762,8456,11.15,0.37,948.4
"Abacavir 20mg/ml, oral solution w/syringe, Bottle, 240 ml","Abacavir 20mg/ml, oral solution w/syringe, Bottle, 240 ml",20mg/ml,240,194,See DN-3457 (ID#:82626),8.51,0.04,2.04
"Emtricitabine/Tenofovir Disoproxil Fumarate 200/300mg, tablets, 30 Tabs","Emtricitabine/Tenofovir Disoproxil Fumarate 200/300mg, tablets, 30 Tabs",200/300mg,30,2178,2304,5.87,0.2,15.81
"Lamivudine/Nevirapine/Zidovudine 150/200/300mg, tablets, 60 Tabs","Lamivudine/Nevirapine/Zidovudine 150/200/300mg, tablets, 60 Tabs",150/300/200mg,60,100000,38992,8.58,0.14,1061.35
"Nevirapine 200mg, tablets, 60 Tabs","Nevirapine 200mg, tablets, 60 Tabs",200mg,60,64000,3887,2.26,0.04,178.92
"Nevirapine 10mg/ml, oral suspension w/syringe, Bottle, 100 ml","Nevirapine 10mg/ml, oral suspension w/syringe, Bottle, 100 ml",10mg/ml,100,15000,2978,1.3,0.01,20.05
"Abacavir/Lamivudine 60/30mg, tablets, 60 Tabs","Abacavir/Lamivudine 60/30mg, tablets, 60 Tabs",60/30mg,60,1446,68,4,0.07,7.15
"Lamivudine/Nevirapine/Stavudine 150/200/30mg, tablets, 60 Tabs","Lamivudine/Nevirapine/Stavudine 150/200/30mg, tablets, 60 Tabs",150/200/30mg,60,47205,See DN-3525 (ID#:82648),4.32,0.07,252.26
"Lamivudine/Tenofovir Disoproxil Fumarate 300/300mg, tablets, 30 Tabs","Lamivudine/Tenofovir Disoproxil Fumarate 300/300mg, tablets, 30 Tabs",300/300mg,30,40800,4187,4.7,0.16,237.21
"Abacavir/Lamivudine 60/30mg, tablets, 60 Tabs","Abacavir/Lamivudine 60/30mg, tablets, 60 Tabs",60/30mg,60,5985,576,4,0.07,29.61
"Lamivudine/Nevirapine/Zidovudine 30/50/60mg, dispersible tablets, 60 Tabs","Lamivudine/Nevirapine/Zidovudine 30/50/60mg, dispersible tablets, 60 Tabs",30/50/60mg,60,10500,574,3.75,0.06,48.71
"Efavirenz 200mg, scored tablets, 90 Tabs","Efavirenz 200mg, scored tablets, 90 Tabs",200mg,90,266,17,9.3,0.1,3.06
"Lamivudine/Nevirapine/Zidovudine 30/50/60mg, dispersible tablets, 60 Tabs","Lamivudine/Nevirapine/Zidovudine 30/50/60mg, dispersible tablets, 60 Tabs",30/50/60mg,60,1850,See DN-3561 (ID#:82654),3.75,0.06,7.13
"Tenofovir Disoproxil Fumarate 300mg, tablets, 30 Tabs","Tenofovir Disoproxil Fumarate 300mg, tablets, 30 Tabs",300mg,30,1240,See DN-3561 (ID#:82654),4.04,0.13,5.15
"Lamivudine/Zidovudine 150/300mg, tablets, 60 Tabs","Lamivudine/Zidovudine 150/300mg, tablets, 60 Tabs",150/300mg,60,23000,8701,6.73,0.11,159.12
"Efavirenz/Lamivudine/Tenofovir Disoproxil Fumarate 600/300/300mg, tablets, 30 Tabs","Efavirenz/Lamivudine/Tenofovir Disoproxil Fumarate 600/300/300mg, tablets, 30 Tabs",600/300/300mg,30,50000,22442,10.87,0.36,672.31
"Lamivudine/Tenofovir Disoproxil Fumarate 300/300mg, tablets, 30 Tabs","Lamivudine/Tenofovir Disoproxil Fumarate 300/300mg, tablets, 30 Tabs",300/300mg,30,68517,See DN-3579 (ID#:83217),4.7,0.16,398.35
"Lamivudine/Tenofovir Disoproxil Fumarate 300/300mg, tablets, 30 Tabs","Lamivudine/Tenofovir Disoproxil Fumarate 300/300mg, tablets, 30 Tabs",300/300mg,30,1447,592,4.7,0.16,6.99
"Efavirenz/Lamivudine/Tenofovir Disoproxil Fumarate 600/300/300mg, tablets, 30 Tabs","Efavirenz/Lamivudine/Tenofovir Disoproxil Fumarate 600/300/300mg, tablets, 30 Tabs",600/300/300mg,30,1278,See DN-3581 (ID#:83219),10.87,0.36,14.28
"Lamivudine/Nevirapine/Zidovudine 30/50/60mg, dispersible tablets, 60 Tabs","Lamivudine/Nevirapine/Zidovudine 30/50/60mg, dispersible tablets, 60 Tabs",30/50/60mg,60,549,See DN-3581 (ID#:83219),3.75,0.06,2.12
"Emtricitabine/Tenofovir Disoproxil Fumarate 200/300mg, tablets, 30 Tabs","Emtricitabine/Tenofovir Disoproxil Fumarate 200/300mg, tablets, 30 Tabs",200/300mg,30,2881,274,5.87,0.2,17.38
"Lamivudine 10mg/ml, oral solution w/syringe, Bottle, 240 ml","Lamivudine 10mg/ml, oral solution w/syringe, Bottle, 240 ml",10mg/ml,240,118,552,1.45,0.01,0.18
"Tenofovir Disoproxil Fumarate 300mg, tablets, 30 Tabs","Tenofovir Disoproxil Fumarate 300mg, tablets, 30 Tabs",300mg,30,60,6528,4.04,0.13,0.25
"Efavirenz/Lamivudine/Tenofovir Disoproxil Fumarate 600/300/300mg, tablets, 30 Tabs","Efavirenz/Lamivudine/Tenofovir Disoproxil Fumarate 600/300/300mg, tablets, 30 Tabs",600/300/300mg,30,8977,65471,11.15,0.37,123.82
"Efavirenz/Lamivudine/Tenofovir Disoproxil Fumarate 600/300/300mg, tablets, 30 Tabs","Efavirenz/Lamivudine/Tenofovir Disoproxil Fumarate 600/300/300mg, tablets, 30 Tabs",600/300/300mg,30,360000,See DN-3588 (ID#:83225),11.15,0.37,4965.32
"Lamivudine/Nevirapine/Zidovudine 30/50/60mg, dispersible tablets, 60 Tabs","Lamivudine/Nevirapine/Zidovudine 30/50/60mg, dispersible tablets, 60 Tabs",30/50/60mg,60,102980,5687,3.75,0.06,477.7
"Efavirenz/Lamivudine/Tenofovir Disoproxil Fumarate 600/300/300mg, tablets, 30 Tabs","Efavirenz/Lamivudine/Tenofovir Disoproxil Fumarate 600/300/300mg, tablets, 30 Tabs",600/300/300mg,30,30874,4133,11.15,0.37,353.88
"Nevirapine 10mg/ml, oral suspension w/syringe, Bottle, 240 ml","Nevirapine 10mg/ml, oral suspension w/syringe, Bottle, 240 ml",10mg/ml,240,2216,1412,1.86,0.01,4.24
"Lamivudine 10mg/ml, oral solution w/syringe, Bottle, 240 ml","Lamivudine 10mg/ml, oral solution w/syringe, Bottle, 240 ml",10mg/ml,240,8000,2933,1.43,0.01,11.76
"Nevirapine 200mg, tablets, 60 Tabs","Nevirapine 200mg, tablets, 60 Tabs",200mg,60,24436,2342,2.26,0.04,68.31
"Efavirenz 600mg, tablets, 30 Tabs","Efavirenz 600mg, tablets, 30 Tabs",600mg,30,28271,2507,4.52,0.15,275.5
"Lamivudine/Tenofovir Disoproxil Fumarate 300/300mg, tablets, 30 Tabs","Lamivudine/Tenofovir Disoproxil Fumarate 300/300mg, tablets, 30 Tabs",300/300mg,30,3464,359,4.7,0.16,16.74
"Lopinavir/Ritonavir 200/50mg, tablets, 120 Tabs","Lopinavir/Ritonavir 200/50mg, tablets, 120 Tabs",200/50mg,120,25482,7140,20.48,0.17,536.48
"Efavirenz/Lamivudine/Tenofovir Disoproxil Fumarate 600/300/300mg, tablets, 30 Tabs","Efavirenz/Lamivudine/Tenofovir Disoproxil Fumarate 600/300/300mg, tablets, 30 Tabs",600/300/300mg,30,177954,88761,11.15,0.37,2039.74
"Efavirenz/Lamivudine/Tenofovir Disoproxil Fumarate 600/300/300mg, tablets, 30 Tabs","Efavirenz/Lamivudine/Tenofovir Disoproxil Fumarate 600/300/300mg, tablets, 30 Tabs",600/300/300mg,30,263351,See DN-3628 (ID#:83234),11.15,0.37,3018.58
"Nevirapine 200mg, tablets, 60 Tabs","Nevirapine 200mg, tablets, 60 Tabs",200mg,60,54470,3360,2.21,0.04,148.91
"Lamivudine/Nevirapine/Zidovudine 150/200/300mg, tablets, 60 Tabs","Lamivudine/Nevirapine/Zidovudine 150/200/300mg, tablets, 60 Tabs",150/300/200mg,60,100000,12199,8.11,0.14,833.71
"Lamivudine/Zidovudine 150/300mg, tablets, 60 Tabs","Lamivudine/Zidovudine 150/300mg, tablets, 60 Tabs",150/300mg,60,13626,1216,6.73,0.11,94.27
"Lamivudine/Nevirapine/Zidovudine 30/50/60mg, dispersible tablets, 60 Tabs","Lamivudine/Nevirapine/Zidovudine 30/50/60mg, dispersible tablets, 60 Tabs",30/50/60mg,60,70000,3376,3.89,0.06,279.92
"Lamivudine/Nevirapine/Zidovudine 30/50/60mg, dispersible tablets, 60 Tabs","Lamivudine/Nevirapine/Zidovudine 30/50/60mg, dispersible tablets, 60 Tabs",30/50/60mg,60,3200,166,3.75,0.06,14.84
"Lamivudine 150mg, tablets, 60 Tabs","Lamivudine 150mg, tablets, 60 Tabs",150mg,60,1379,157,1.74,0.03,2.47
"Zidovudine 300mg, tablets, 60 Tabs","Zidovudine 300mg, tablets, 60 Tabs",300mg,60,380,21,5.58,0.09,2.18
"Lopinavir/Ritonavir 200/50mg [Aluvia], tablets, 120 Tabs","Lopinavir/Ritonavir 200/50mg [Aluvia], tablets, 120 Tabs",200/50mg,120,10724,2209,18.9,0.16,250.72
"Lamivudine 10mg/ml, oral solution w/syringe, Bottle, 240 ml","Lamivudine 10mg/ml, oral solution w/syringe, Bottle, 240 ml",10mg/ml,240,4243,1485,1.43,0.01,6.24
"Lamivudine/Zidovudine 150/300mg, tablets, 60 Tabs","Lamivudine/Zidovudine 150/300mg, tablets, 60 Tabs",150/300mg,60,13535,3704,6.52,0.11,90.72
"Efavirenz 600mg, tablets, 30 Tabs","Efavirenz 600mg, tablets, 30 Tabs",600mg,30,30860,19965,3.21,0.11,101.83
"Efavirenz/Lamivudine/Tenofovir Disoproxil Fumarate 600/300/300mg, tablets, 30 Tabs","Efavirenz/Lamivudine/Tenofovir Disoproxil Fumarate 600/300/300mg, tablets, 30 Tabs",600/300/300mg,30,36000,See DN-3875 (ID#:83255),10.78,0.36,398.95
"Lamivudine/Zidovudine 150/300mg, tablets, 60 Tabs","Lamivudine/Zidovudine 150/300mg, tablets, 60 Tabs",150/300mg,60,29796,5862,6.52,0.11,199.71
"Efavirenz/Lamivudine/Tenofovir Disoproxil Fumarate 600/300/300mg, tablets, 30 Tabs","Efavirenz/Lamivudine/Tenofovir Disoproxil Fumarate 600/300/300mg, tablets, 30 Tabs",600/300/300mg,30,47116,7295,10.78,0.36,522.13
"Lamivudine/Tenofovir Disoproxil Fumarate 300/300mg, tablets, 30 Tabs","Lamivudine/Tenofovir Disoproxil Fumarate 300/300mg, tablets, 30 Tabs",300/300mg,30,10000,See DN-3803 (ID#:83260),4.63,0.15,47.6
"Lamivudine/Zidovudine 30/60mg, tablets, 60 Tabs","Lamivudine/Zidovudine 30/60mg, tablets, 60 Tabs",30/60mg,60,15639,590,1.99,0.03,38.5
"Nevirapine 200mg, tablets, 60 Tabs","Nevirapine 200mg, tablets, 60 Tabs",200mg,60,120000,See DN-3825 (ID#:82702),2.18,0.04,268.92
"Efavirenz 200mg, scored tablets, 90 Tabs","Efavirenz 200mg, scored tablets, 90 Tabs",200mg,90,710,See DN-3843 (ID#:82707),9.3,0.1,6.79
"Abacavir 300mg, tablets, 60 Tabs","Abacavir 300mg, tablets, 60 Tabs",300mg,60,3700,See DN-3828 (ID#:82713),11.23,0.19,42.71
"Abacavir 300mg, tablets, 60 Tabs","Abacavir 300mg, tablets, 60 Tabs",300mg,60,4636,458,11.36,0.19,54.14
"Lamivudine/Nevirapine/Zidovudine 150/200/300mg, tablets, 60 Tabs","Lamivudine/Nevirapine/Zidovudine 150/200/300mg, tablets, 60 Tabs",150/300/200mg,60,85490,See DN-3872 (ID#:82726),8.11,0.14,712.74
"Lamivudine/Tenofovir Disoproxil Fumarate 300/300mg, tablets, 30 Tabs","Lamivudine/Tenofovir Disoproxil Fumarate 300/300mg, tablets, 30 Tabs",300/300mg,30,45000,4688,4.63,0.15,214.18
"Lamivudine/Zidovudine 150/300mg, tablets, 60 Tabs","Lamivudine/Zidovudine 150/300mg, tablets, 60 Tabs",150/300mg,60,194265,19976,6.73,0.11,1344.01
"Efavirenz 600mg, tablets, 30 Tabs","Efavirenz 600mg, tablets, 30 Tabs",600mg,30,29369,See DN-3907 (ID#:82729),3.21,0.11,96.91
"Lamivudine/Nevirapine/Zidovudine 30/50/60mg, dispersible tablets, 60 Tabs","Lamivudine/Nevirapine/Zidovudine 30/50/60mg, dispersible tablets, 60 Tabs",30/50/60mg,60,2196,98,3.75,0.06,8.47
"Lamivudine/Zidovudine 30/60mg, dispersible tablets, 60 Tabs","Lamivudine/Zidovudine 30/60mg, dispersible tablets, 60 Tabs",30/60mg,60,11688,1673,2.15,0.04,25.83
"Abacavir/Lamivudine 600/300mg, tablets, 30 Tabs","Abacavir/Lamivudine 600/300mg, tablets, 30 Tabs",600/300mg,30,1934,195,13.52,0.45,26.88
"Efavirenz/Lamivudine/Tenofovir Disoproxil Fumarate 600/300/300mg, tablets, 30 Tabs","Efavirenz/Lamivudine/Tenofovir Disoproxil Fumarate 600/300/300mg, tablets, 30 Tabs",600/300/300mg,30,460041,56314,10.78,0.36,5098.1
"Lopinavir/Ritonavir 200/50mg, tablets, 120 Tabs","Lopinavir/Ritonavir 200/50mg, tablets, 120 Tabs",200/50mg,120,1819,473,19.66,0.16,36.76
"Zidovudine 300mg, tablets, 60 Tabs","Zidovudine 300mg, tablets, 60 Tabs",300mg,60,13709,797,5.43,0.09,76.52
"Zidovudine 300mg, tablets, 60 Tabs","Zidovudine 300mg, tablets, 60 Tabs",300mg,60,1400,See DN-3954 (ID#:82743),5.44,0.09,7.83
"Nevirapine 10mg/ml, oral suspension w/syringe, Bottle, 240 ml","Nevirapine 10mg/ml, oral suspension w/syringe, Bottle, 240 ml",10mg/ml,240,590,See DN-3954 (ID#:82743),1.51,0.01,0.92
"Lamivudine 150mg, tablets, 60 Tabs","Lamivudine 150mg, tablets, 60 Tabs",150mg,60,17320,1721,2.33,0.04,87.01
"Abacavir/Lamivudine 60/30mg, tablets, 60 Tabs","Abacavir/Lamivudine 60/30mg, tablets, 60 Tabs",60/30mg,60,9308,See DN-4008 (ID#:82753),4.09,0.07,39.14
"Zidovudine 300mg, tablets, 60 Tabs","Zidovudine 300mg, tablets, 60 Tabs",300mg,60,5281,312,5.5,0.09,29.86
"Efavirenz/Lamivudine/Tenofovir Disoproxil Fumarate 600/300/300mg, tablets, 30 Tabs","Efavirenz/Lamivudine/Tenofovir Disoproxil Fumarate 600/300/300mg, tablets, 30 Tabs",600/300/300mg,30,29247,5324,10.78,0.36,324.11
"Abacavir/Lamivudine 60/30mg, tablets, 60 Tabs","Abacavir/Lamivudine 60/30mg, tablets, 60 Tabs",60/30mg,60,276,See DN-4041 (ID#:83291),4.09,0.07,1.16
"Abacavir/Lamivudine 60/30mg, dispersible tablets, 60 Tabs","Abacavir/Lamivudine 60/30mg, dispersible tablets, 60 Tabs",60/30mg,60,6030,542,5.09,0.08,31.55
"Abacavir/Lamivudine 600/300mg, tablets, 30 Tabs","Abacavir/Lamivudine 600/300mg, tablets, 30 Tabs",600/300mg,30,558,49,13.52,0.45,7.76
"Lamivudine/Nevirapine/Stavudine 150/200/30mg, tablets, 60 Tabs","Lamivudine/Nevirapine/Stavudine 150/200/30mg, tablets, 60 Tabs",150/200/30mg,60,46962,5097,4.32,0.07,208.56
"Abacavir/Lamivudine 60/30mg, dispersible tablets, 60 Tabs","Abacavir/Lamivudine 60/30mg, dispersible tablets, 60 Tabs",60/30mg,60,1296,See DN-4085 (ID#:82772),5.09,0.08,6.78
"Nevirapine 200mg, tablets, 60 Tabs","Nevirapine 200mg, tablets, 60 Tabs",200mg,60,157062,15302,2.21,0.04,356.83
"Lamivudine/Tenofovir Disoproxil Fumarate 300/300mg, tablets, 30 Tabs","Lamivudine/Tenofovir Disoproxil Fumarate 300/300mg, tablets, 30 Tabs",300/300mg,30,20000,2000,4.63,0.15,95.19
"Lamivudine/Tenofovir Disoproxil Fumarate 300/300mg, tablets, 30 Tabs","Lamivudine/Tenofovir Disoproxil Fumarate 300/300mg, tablets, 30 Tabs",300/300mg,30,30000,3000,4.63,0.15,142.79
"Efavirenz/Lamivudine/Tenofovir Disoproxil Fumarate 600/300/300mg, tablets, 30 Tabs","Efavirenz/Lamivudine/Tenofovir Disoproxil Fumarate 600/300/300mg, tablets, 30 Tabs",600/300/300mg,30,15654,112027,9.76,0.33,157.06
"Lopinavir/Ritonavir 200/50mg [Aluvia], tablets, 120 Tabs","Lopinavir/Ritonavir 200/50mg [Aluvia], tablets, 120 Tabs",200/50mg,120,9833,2033,18.9,0.16,218.74
"Lamivudine/Zidovudine 150/300mg, tablets, 60 Tabs","Lamivudine/Zidovudine 150/300mg, tablets, 60 Tabs",150/300mg,60,71377,6842,6.6,0.11,484.28
"Efavirenz 200mg, scored tablets, 90 Tabs","Efavirenz 200mg, scored tablets, 90 Tabs",200mg,90,2021,132,9.3,0.1,19.32
"Lamivudine/Tenofovir Disoproxil Fumarate 300/300mg, tablets, 30 Tabs","Lamivudine/Tenofovir Disoproxil Fumarate 300/300mg, tablets, 30 Tabs",300/300mg,30,95597,10656,4.64,0.15,455.99
"Lamivudine/Nevirapine/Zidovudine 150/200/300mg, tablets, 60 Tabs","Lamivudine/Nevirapine/Zidovudine 150/200/300mg, tablets, 60 Tabs",150/300/200mg,60,20000,2924,7.72,0.13,158.72
"Abacavir/Lamivudine 60/30mg, tablets, 60 Tabs","Abacavir/Lamivudine 60/30mg, tablets, 60 Tabs",60/30mg,60,19996,1119,3.95,0.07,81.2
"Lamivudine/Zidovudine 30/60mg, dispersible tablets, 60 Tabs","Lamivudine/Zidovudine 30/60mg, dispersible tablets, 60 Tabs",30/60mg,60,12080,10314,1.95,0.03,24.22
"Abacavir 20mg/ml, oral solution, Bottle, 240 ml","Abacavir 20mg/ml, oral solution, Bottle, 240 ml",20mg/ml,240,503,Weight Captured Separately,6.83,0.03,3.53
"Zidovudine 10mg/ml, oral solution w/syringe, Bottle, 240 ml","Zidovudine 10mg/ml, oral solution w/syringe, Bottle, 240 ml",10mg/ml,240,10,71,1.99,0.01,0.02
"Lamivudine/Zidovudine 30/60mg, dispersible tablets, 60 Tabs","Lamivudine/Zidovudine 30/60mg, dispersible tablets, 60 Tabs",30/60mg,60,7559,21710,1.92,0.03,17.08
"Lamivudine/Zidovudine 150/300mg, tablets, 60 Tabs","Lamivudine/Zidovudine 150/300mg, tablets, 60 Tabs",150/300mg,60,75535,6237,6.52,0.11,506.28
"Lamivudine 150mg, tablets, 60 Tabs","Lamivudine 150mg, tablets, 60 Tabs",150mg,60,55990,See DN-4251 (ID#:82800),1.74,0.03,100.15
"Lamivudine/Nevirapine/Zidovudine 150/200/300mg, tablets, 60 Tabs","Lamivudine/Nevirapine/Zidovudine 150/200/300mg, tablets, 60 Tabs",150/300/200mg,60,4000,18750,7.72,0.13,31.74
"Lamivudine/Nevirapine/Zidovudine 150/200/300mg, tablets, 60 Tabs","Lamivudine/Nevirapine/Zidovudine 150/200/300mg, tablets, 60 Tabs",150/300/200mg,60,189393,24904,7.72,0.13,1503.05
"Lopinavir/Ritonavir 200/50mg, tablets, 120 Tabs","Lopinavir/Ritonavir 200/50mg, tablets, 120 Tabs",200/50mg,120,11169,13107,19.36,0.16,222.29
"Lamivudine/Tenofovir Disoproxil Fumarate 300/300mg, tablets, 30 Tabs","Lamivudine/Tenofovir Disoproxil Fumarate 300/300mg, tablets, 30 Tabs",300/300mg,30,41258,4964,4.62,0.15,224.35
"Efavirenz 600mg, tablets, 30 Tabs","Efavirenz 600mg, tablets, 30 Tabs",600mg,30,30004,See DN-4177 (ID#:82804),3.12,0.1,96.23
"Lamivudine/Nevirapine/Zidovudine 150/200/300mg, tablets, 60 Tabs","Lamivudine/Nevirapine/Zidovudine 150/200/300mg, tablets, 60 Tabs",150/300/200mg,60,140000,42830,7.72,0.13,1111.06
"Zidovudine 300mg, tablets, 60 Tabs","Zidovudine 300mg, tablets, 60 Tabs",300mg,60,34000,2300,5.33,0.09,186.29
"Efavirenz/Lamivudine/Tenofovir Disoproxil Fumarate 600/300/300mg, tablets, 30 Tabs","Efavirenz/Lamivudine/Tenofovir Disoproxil Fumarate 600/300/300mg, tablets, 30 Tabs",600/300/300mg,30,42812,4875,9.6,0.32,422.5
"Lamivudine/Nevirapine/Zidovudine 150/200/300mg, tablets, 60 Tabs","Lamivudine/Nevirapine/Zidovudine 150/200/300mg, tablets, 60 Tabs",150/300/200mg,60,177285,41904,7.72,0.13,1406.96
"Lamivudine/Nevirapine/Zidovudine 30/50/60mg, dispersible tablets, 60 Tabs","Lamivudine/Nevirapine/Zidovudine 30/50/60mg, dispersible tablets, 60 Tabs",30/50/60mg,60,16495,1636,3.6,0.06,61.04
"Lamivudine/Nevirapine/Zidovudine 150/200/300mg, tablets, 60 Tabs","Lamivudine/Nevirapine/Zidovudine 150/200/300mg, tablets, 60 Tabs",150/300/200mg,60,18600,Weight Captured Separately,8.11,0.14,177.55
"Lamivudine/Nevirapine/Zidovudine 150/200/300mg, tablets, 60 Tabs","Lamivudine/Nevirapine/Zidovudine 150/200/300mg, tablets, 60 Tabs",150/300/200mg,60,88392,See DN-4310 (ID#:82811),8.11,0.14,843.74
"Lamivudine/Zidovudine 150/300mg, tablets, 60 Tabs","Lamivudine/Zidovudine 150/300mg, tablets, 60 Tabs",150/300mg,60,48928,See DN-4314 (ID#:82812),6.52,0.11,375.48
"Lamivudine/Nevirapine/Zidovudine 150/200/300mg, tablets, 60 Tabs","Lamivudine/Nevirapine/Zidovudine 150/200/300mg, tablets, 60 Tabs",150/300/200mg,60,1479,Weight Captured Separately,8.11,0.14,14.12
"Efavirenz 200mg, capsule, 90 Caps","Efavirenz 200mg, capsule, 90 Caps",200mg,90,16,See DN-1311 (ID#:82837),12.73,0.14,0.4
"Stavudine 30mg, capsules, 60 Caps","Stavudine 30mg, capsules, 60 Caps",30mg,60,50,See DN-1311 (ID#:82837),1.46,0.02,0.14
"Zidovudine 300mg, tablets, 60 Tabs","Zidovudine 300mg, tablets, 60 Tabs",300mg,60,28,2,7.53,0.13,0.41
"Efavirenz 600mg, tablets, 30 Tabs","Efavirenz 600mg, tablets, 30 Tabs",600mg,30,277,54,6.85,0.23,3.72
"Nevirapine 200mg, tablets, 60 Tabs","Nevirapine 200mg, tablets, 60 Tabs",200mg,60,233,See DN-1360 (ID#:83371),2.9,0.05,1.32
"Lamivudine/Zidovudine 150/300mg, tablets, 60 Tabs","Lamivudine/Zidovudine 150/300mg, tablets, 60 Tabs",150/300mg,60,422,See DN-1452 (ID#:82272),8.76,0.15,7.25
"Efavirenz 600mg, tablets, 30 Tabs","Efavirenz 600mg, tablets, 30 Tabs",600mg,30,2666,2889,5.78,0.19,30.2
"Lamivudine/Tenofovir Disoproxil Fumarate 300/300mg, tablets, 30 Tabs","Lamivudine/Tenofovir Disoproxil Fumarate 300/300mg, tablets, 30 Tabs",300/300mg,30,200,44,10,0.33,3.92
"Lamivudine/Stavudine 150/30mg, tablets, 60 Tabs","Lamivudine/Stavudine 150/30mg, tablets, 60 Tabs",150/30mg,60,940,69,3.5,0.06,6.45
"Lamivudine/Nevirapine/Zidovudine 150/200/300mg, tablets, 60 Tabs","Lamivudine/Nevirapine/Zidovudine 150/200/300mg, tablets, 60 Tabs",150/300/200mg,60,42750,4814,11.35,0.19,951.02
"Lamivudine/Nevirapine/Stavudine 150/200/30mg, tablets, 60 Tabs","Lamivudine/Nevirapine/Stavudine 150/200/30mg, tablets, 60 Tabs",150/200/30mg,60,1760,133,7,0.12,24.15
"Lamivudine/Nevirapine/Zidovudine 150/200/300mg, tablets, 60 Tabs","Lamivudine/Nevirapine/Zidovudine 150/200/300mg, tablets, 60 Tabs",150/300/200mg,60,29254,See DN-1522 (ID#:82845),11.22,0.19,643.33
"Tenofovir Disoproxil Fumarate 300mg, tablets, 30 Tabs","Tenofovir Disoproxil Fumarate 300mg, tablets, 30 Tabs",300mg,30,950,54,8.53,0.28,15.88
"Lamivudine/Stavudine 150/30mg, tablets, 60 Tabs","Lamivudine/Stavudine 150/30mg, tablets, 60 Tabs",150/30mg,60,940,49,3.5,0.06,6.45
"Lamivudine/Tenofovir Disoproxil Fumarate 300/300mg, tablets, 30 Tabs","Lamivudine/Tenofovir Disoproxil Fumarate 300/300mg, tablets, 30 Tabs",300/300mg,30,3760,315,10,0.33,73.7
"Lamivudine/Tenofovir Disoproxil Fumarate 300/300mg, tablets, 30 Tabs","Lamivudine/Tenofovir Disoproxil Fumarate 300/300mg, tablets, 30 Tabs",300/300mg,30,110000,9221,10,0.33,2156
"Lamivudine/Zidovudine 150/300mg, tablets, 60 Tabs","Lamivudine/Zidovudine 150/300mg, tablets, 60 Tabs",150/300mg,60,35300,3190,8.76,0.15,606.09
"Lamivudine 10mg/ml, oral solution, Bottle, 240 ml","Lamivudine 10mg/ml, oral solution, Bottle, 240 ml",10mg/ml,240,704,See DN-1559 (ID#:82849),1.9,0.01,2.88
"Efavirenz 600mg, tablets, 30 Tabs","Efavirenz 600mg, tablets, 30 Tabs",600mg,30,12100,36,5.78,0.19,137.08
"Efavirenz 600mg, tablets, 30 Tabs","Efavirenz 600mg, tablets, 30 Tabs",600mg,30,5323,456,5.78,0.19,66.33
"Efavirenz 30mg/ml [Stocrin/Sustiva], oral solution, Bottle, 180 ml","Efavirenz 30mg/ml [Stocrin/Sustiva], oral solution, Bottle, 180 ml",30mg/ml,180,230,132,16.96,0.09,8.41
"Efavirenz 30mg/ml [Stocrin/Sustiva], oral solution, Bottle, 180 ml","Efavirenz 30mg/ml [Stocrin/Sustiva], oral solution, Bottle, 180 ml",30mg/ml,180,123,See DN-1590 (ID#:83388),16.96,0.09,4.5
"Nevirapine 200mg, tablets, 60 Tabs","Nevirapine 200mg, tablets, 60 Tabs",200mg,60,20000,1098,2.66,0.04,114.7
"Indinavir 400mg [Crixivan], capsules, 180 Caps","Indinavir 400mg [Crixivan], capsules, 180 Caps",400mg,180,32,See DN-1590 (ID#:83388),50,0.28,3.45
"Lamivudine/Nevirapine/Zidovudine 150/200/300mg, tablets, 60 Tabs","Lamivudine/Nevirapine/Zidovudine 150/200/300mg, tablets, 60 Tabs",150/300/200mg,60,60000,6949,11.35,0.19,1334.76
"Lamivudine 150mg, tablets, 60 Tabs","Lamivudine 150mg, tablets, 60 Tabs",150mg,60,250,113,2.44,0.04,1.32
"Lamivudine 150mg, tablets, 60 Tabs","Lamivudine 150mg, tablets, 60 Tabs",150mg,60,4893,235,2.44,0.04,25.74
"Efavirenz 600mg, tablets, 30 Tabs","Efavirenz 600mg, tablets, 30 Tabs",600mg,30,21563,1864,5.78,0.19,244.28
"Nevirapine 200mg, tablets, 60 Tabs","Nevirapine 200mg, tablets, 60 Tabs",200mg,60,32850,3917,2.9,0.05,205.39
"Zidovudine 10mg/ml, oral solution, Bottle, 240 ml","Zidovudine 10mg/ml, oral solution, Bottle, 240 ml",10mg/ml,240,2691,1021,2.1,0.01,11.08
"Didanosine 200mg, chewable/dispersible tablets, 60 Tabs","Didanosine 200mg, chewable/dispersible tablets, 60 Tabs",200mg,60,1800,See DN-1629 (ID#:82857),15.5,0.26,54.68
"Nevirapine 200mg, tablets, 60 Tabs","Nevirapine 200mg, tablets, 60 Tabs",200mg,60,20000,1946,2.73,0.05,107.02
"Didanosine 100mg, chewable/dispersible tablets, 60 Tabs","Didanosine 100mg, chewable/dispersible tablets, 60 Tabs",100mg,60,10000,2085,7.72,0.13,151.31
"Lamivudine/Nevirapine/Stavudine 150/200/30mg, tablets, 60 Tabs","Lamivudine/Nevirapine/Stavudine 150/200/30mg, tablets, 60 Tabs",150/200/30mg,60,36100,3955,6.11,0.1,475.55
"Tenofovir Disoproxil Fumarate 300mg, tablets, 30 Tabs","Tenofovir Disoproxil Fumarate 300mg, tablets, 30 Tabs",300mg,30,2448,178,8.53,0.28,45.02
"Efavirenz 50mg, capsule, 30 Caps","Efavirenz 50mg, capsule, 30 Caps",50mg,30,688,465,2.24,0.07,3.32
"Efavirenz 600mg, tablets, 30 Tabs","Efavirenz 600mg, tablets, 30 Tabs",600mg,30,31092,See DN-1671 (ID#:82863),5.78,0.19,352.24
"Lamivudine/Stavudine 150/30mg, tablets, 60 Tabs","Lamivudine/Stavudine 150/30mg, tablets, 60 Tabs",150/30mg,60,11060,See DN-1671 (ID#:82863),3.4,0.06,73.7
"Lamivudine/Nevirapine/Zidovudine 150/200/300mg, tablets, 60 Tabs","Lamivudine/Nevirapine/Zidovudine 150/200/300mg, tablets, 60 Tabs",150/300/200mg,60,1200,141,11.22,0.19,29.03
"Emtricitabine/Tenofovir Disoproxil Fumarate 200/300mg, tablets, 30 Tabs","Emtricitabine/Tenofovir Disoproxil Fumarate 200/300mg, tablets, 30 Tabs",200/300mg,30,11807,952,11.75,0.39,299.11
"Nevirapine 200mg, tablets, 60 Tabs","Nevirapine 200mg, tablets, 60 Tabs",200mg,60,434,42,2.73,0.05,2.55
"Lamivudine/Nevirapine/Zidovudine 150/200/300mg, tablets, 60 Tabs","Lamivudine/Nevirapine/Zidovudine 150/200/300mg, tablets, 60 Tabs",150/300/200mg,60,1722,202,11.22,0.19,41.66
"Lamivudine 150mg, tablets, 60 Tabs","Lamivudine 150mg, tablets, 60 Tabs",150mg,60,8820,420,2.44,0.04,46.4
"Lamivudine/Zidovudine 150/300mg, tablets, 60 Tabs","Lamivudine/Zidovudine 150/300mg, tablets, 60 Tabs",150/300mg,60,12000,1088,8.76,0.15,226.64
"Lamivudine/Zidovudine 150/300mg, tablets, 60 Tabs","Lamivudine/Zidovudine 150/300mg, tablets, 60 Tabs",150/300mg,60,118,See DN-1752 (ID#:82311),8.76,0.15,2.03
"Lamivudine/Nevirapine/Zidovudine 150/200/300mg, tablets, 60 Tabs","Lamivudine/Nevirapine/Zidovudine 150/200/300mg, tablets, 60 Tabs",150/300/200mg,60,9000,1055,11.22,0.19,217.71
"Zidovudine 300mg, tablets, 60 Tabs","Zidovudine 300mg, tablets, 60 Tabs",300mg,60,9009,See DN-1759 (ID#:82875),7.53,0.13,132.96
"Tenofovir Disoproxil Fumarate 300mg, tablets, 30 Tabs","Tenofovir Disoproxil Fumarate 300mg, tablets, 30 Tabs",300mg,30,250,See DN-1759 (ID#:82875),8.14,0.27,3.99
"Nevirapine 200mg, tablets, 60 Tabs","Nevirapine 200mg, tablets, 60 Tabs",200mg,60,15000,1444,2.73,0.05,88.29
"Abacavir 300mg, tablets, 60 Tabs","Abacavir 300mg, tablets, 60 Tabs",300mg,60,9455,944,21.42,0.36,436.65
"Stavudine 20mg, capsules, 60 Caps","Stavudine 20mg, capsules, 60 Caps",20mg,60,3250,216,1.43,0.02,10.02
"Emtricitabine/Tenofovir Disoproxil Fumarate 200/300mg, tablets, 30 Tabs","Emtricitabine/Tenofovir Disoproxil Fumarate 200/300mg, tablets, 30 Tabs",200/300mg,30,4955,376,11.75,0.39,125.53
"Lamivudine/Nevirapine/Zidovudine 150/200/300mg, tablets, 60 Tabs","Lamivudine/Nevirapine/Zidovudine 150/200/300mg, tablets, 60 Tabs",150/300/200mg,60,40000,4692,11.22,0.19,967.61
"Lamivudine/Nevirapine/Zidovudine 150/200/300mg, tablets, 60 Tabs","Lamivudine/Nevirapine/Zidovudine 150/200/300mg, tablets, 60 Tabs",150/300/200mg,60,2160,5552,11.22,0.19,52.25
"Lamivudine 10mg/ml, oral solution, Bottle, 240 ml","Lamivudine 10mg/ml, oral solution, Bottle, 240 ml",10mg/ml,240,471,221,2,0.01,2.03
"Efavirenz 600mg, tablets, 30 Tabs","Efavirenz 600mg, tablets, 30 Tabs",600mg,30,2579,358,4.75,0.16,26.41
"Lamivudine/Tenofovir Disoproxil Fumarate 300/300mg, tablets, 30 Tabs","Lamivudine/Tenofovir Disoproxil Fumarate 300/300mg, tablets, 30 Tabs",300/300mg,30,22826,2500,10,0.33,492.13
"Lamivudine/Nevirapine/Stavudine 150/200/30mg, tablets, 60 Tabs","Lamivudine/Nevirapine/Stavudine 150/200/30mg, tablets, 60 Tabs",150/200/30mg,60,72560,5420,5.85,0.1,915.17
"Zidovudine 300mg, tablets, 60 Tabs","Zidovudine 300mg, tablets, 60 Tabs",300mg,60,5000,276,7.21,0.12,77.72
"Nevirapine 200mg, tablets, 60 Tabs","Nevirapine 200mg, tablets, 60 Tabs",200mg,60,40000,6240,2.73,0.05,235.44
"Lamivudine/Zidovudine 150/300mg, tablets, 60 Tabs","Lamivudine/Zidovudine 150/300mg, tablets, 60 Tabs",150/300mg,60,34769,4176,8.76,0.15,656.67
"Lamivudine 150mg, tablets, 60 Tabs","Lamivudine 150mg, tablets, 60 Tabs",150mg,60,126,See DN-1838 (ID#:82887),2.44,0.04,0.66
"Stavudine 30mg, capsules, 60 Caps","Stavudine 30mg, capsules, 60 Caps",30mg,60,2000,98,1.41,0.02,6.08
"Zidovudine 300mg, tablets, 60 Tabs","Zidovudine 300mg, tablets, 60 Tabs",300mg,60,2520,145,7.21,0.12,39.17
"Tenofovir Disoproxil Fumarate 300mg, tablets, 30 Tabs","Tenofovir Disoproxil Fumarate 300mg, tablets, 30 Tabs",300mg,30,2552,182,7.64,0.25,42.04
"Lamivudine/Nevirapine/Zidovudine 150/200/300mg, tablets, 60 Tabs","Lamivudine/Nevirapine/Zidovudine 150/200/300mg, tablets, 60 Tabs",150/300/200mg,60,15000,1943,11.22,0.19,362.85
"Lamivudine/Nevirapine/Zidovudine 150/200/300mg, tablets, 60 Tabs","Lamivudine/Nevirapine/Zidovudine 150/200/300mg, tablets, 60 Tabs",150/300/200mg,60,50000,5997,11.22,0.19,1209.52
"Zidovudine 10mg/ml, oral solution, Bottle, 240 ml","Zidovudine 10mg/ml, oral solution, Bottle, 240 ml",10mg/ml,240,7284,See DN-1873 (ID#:82329),2.02,0.01,31.72
"Lamivudine/Nevirapine/Zidovudine 150/200/300mg, tablets, 60 Tabs","Lamivudine/Nevirapine/Zidovudine 150/200/300mg, tablets, 60 Tabs",150/300/200mg,60,10000,1173,11.22,0.19,241.9
"Abacavir 300mg, tablets, 60 Tabs","Abacavir 300mg, tablets, 60 Tabs",300mg,60,9545,947,17.14,0.29,352.72
"Nevirapine 200mg, tablets, 60 Tabs","Nevirapine 200mg, tablets, 60 Tabs",200mg,60,3000,206,2.73,0.05,17.66
"Efavirenz 200mg, capsule, 90 Caps","Efavirenz 200mg, capsule, 90 Caps",200mg,90,1000,120,9.71,0.11,20.93
"Lamivudine/Zidovudine 150/300mg, tablets, 60 Tabs","Lamivudine/Zidovudine 150/300mg, tablets, 60 Tabs",150/300mg,60,100,4582,8.76,0.15,1.89
"Lamivudine/Zidovudine 150/300mg, tablets, 60 Tabs","Lamivudine/Zidovudine 150/300mg, tablets, 60 Tabs",150/300mg,60,155,13,8.76,0.15,2.93
"Emtricitabine/Tenofovir Disoproxil Fumarate 200/300mg, tablets, 30 Tabs","Emtricitabine/Tenofovir Disoproxil Fumarate 200/300mg, tablets, 30 Tabs",200/300mg,30,703,301,11.75,0.39,17.81
"Lamivudine/Nevirapine/Zidovudine 150/200/300mg, tablets, 60 Tabs","Lamivudine/Nevirapine/Zidovudine 150/200/300mg, tablets, 60 Tabs",150/300/200mg,60,8000,1642,11.22,0.19,193.52
"Lamivudine/Nevirapine/Zidovudine 150/200/300mg, tablets, 60 Tabs","Lamivudine/Nevirapine/Zidovudine 150/200/300mg, tablets, 60 Tabs",150/300/200mg,60,20000,2406,11.22,0.19,483.81
"Lamivudine/Nevirapine/Stavudine 150/200/30mg, tablets, 60 Tabs","Lamivudine/Nevirapine/Stavudine 150/200/30mg, tablets, 60 Tabs",150/200/30mg,60,3439,See DN-1952 (ID#:82907),5.73,0.1,42.48
"Lamivudine/Nevirapine/Zidovudine 150/200/300mg, tablets, 60 Tabs","Lamivudine/Nevirapine/Zidovudine 150/200/300mg, tablets, 60 Tabs",150/300/200mg,60,7000,922,11.22,0.19,169.33
"Lamivudine/Nevirapine/Zidovudine 150/200/300mg, tablets, 60 Tabs","Lamivudine/Nevirapine/Zidovudine 150/200/300mg, tablets, 60 Tabs",150/300/200mg,60,77000,12980,11.22,0.19,1862.65
"Emtricitabine/Tenofovir Disoproxil Fumarate 200/300mg, tablets, 30 Tabs","Emtricitabine/Tenofovir Disoproxil Fumarate 200/300mg, tablets, 30 Tabs",200/300mg,30,3000,270,11.75,0.39,76
"Efavirenz 600mg, tablets, 30 Tabs","Efavirenz 600mg, tablets, 30 Tabs",600mg,30,39144,See DN-1982 (ID#:82910),4.45,0.15,375.56
"Abacavir 300mg, tablets, 60 Tabs","Abacavir 300mg, tablets, 60 Tabs",300mg,60,4140,See DN-1982 (ID#:82910),16.44,0.27,146.74
"Lamivudine 10mg/ml, oral solution, Bottle, 240 ml","Lamivudine 10mg/ml, oral solution, Bottle, 240 ml",10mg/ml,240,4340,See DN-1982 (ID#:82910),1.93,0.01,18.06
"Lamivudine 10mg/ml, oral solution, Bottle, 240 ml","Lamivudine 10mg/ml, oral solution, Bottle, 240 ml",10mg/ml,240,3010,3202,1.93,0.01,12.52
"Emtricitabine/Tenofovir Disoproxil Fumarate 200/300mg, tablets, 30 Tabs","Emtricitabine/Tenofovir Disoproxil Fumarate 200/300mg, tablets, 30 Tabs",200/300mg,30,650,61,11.75,0.39,16.47
"Emtricitabine/Tenofovir Disoproxil Fumarate 200/300mg, tablets, 30 Tabs","Emtricitabine/Tenofovir Disoproxil Fumarate 200/300mg, tablets, 30 Tabs",200/300mg,30,1328,122,11.75,0.39,33.64
"Nevirapine 200mg, tablets, 60 Tabs","Nevirapine 200mg, tablets, 60 Tabs",200mg,60,47150,5357,2.73,0.05,277.52
"Abacavir 300mg, tablets, 60 Tabs","Abacavir 300mg, tablets, 60 Tabs",300mg,60,5310,See DN-2011 (ID#:82350),16.44,0.27,188.21
"Lamivudine 150mg, tablets, 60 Tabs","Lamivudine 150mg, tablets, 60 Tabs",150mg,60,19320,See DN-2015 (ID#:82917),2.44,0.04,101.64
"Lamivudine/Nevirapine/Stavudine 150/200/30mg, tablets, 60 Tabs","Lamivudine/Nevirapine/Stavudine 150/200/30mg, tablets, 60 Tabs",150/200/30mg,60,1193,144,5.73,0.1,14.74
"Zidovudine 300mg, tablets, 60 Tabs","Zidovudine 300mg, tablets, 60 Tabs",300mg,60,15650,16417,7.21,0.12,243.28
"Efavirenz 600mg, tablets, 30 Tabs","Efavirenz 600mg, tablets, 30 Tabs",600mg,30,5900,12810,4.52,0.15,57.5
"Lamivudine 150mg, tablets, 60 Tabs","Lamivudine 150mg, tablets, 60 Tabs",150mg,60,5500,836,2.44,0.04,26.3
"Abacavir/Lamivudine 600/300mg, scored tablets, 30 Tabs","Abacavir/Lamivudine 600/300mg, scored tablets, 30 Tabs",600/300mg,30,1980,See DN-2035 (ID#:82356),22.5,0.75,96.05
"Emtricitabine/Tenofovir Disoproxil Fumarate 200/300mg, tablets, 30 Tabs","Emtricitabine/Tenofovir Disoproxil Fumarate 200/300mg, tablets, 30 Tabs",200/300mg,30,9760,See DN-2035 (ID#:82356),11.75,0.39,247.25
"Lamivudine/Stavudine 150/30mg, tablets, 60 Tabs","Lamivudine/Stavudine 150/30mg, tablets, 60 Tabs",150/30mg,60,26444,See DN-2035 (ID#:82356),3.28,0.05,187
"Lamivudine/Nevirapine/Stavudine 150/200/30mg, tablets, 60 Tabs","Lamivudine/Nevirapine/Stavudine 150/200/30mg, tablets, 60 Tabs",150/200/30mg,60,56430,15358,5.43,0.09,660.63
"Efavirenz 600mg, tablets, 30 Tabs","Efavirenz 600mg, tablets, 30 Tabs",600mg,30,99404,6960,4.52,0.15,968.7
"Nevirapine 200mg, tablets, 60 Tabs","Nevirapine 200mg, tablets, 60 Tabs",200mg,60,3690,214,2.66,0.04,21.16
"Lopinavir/Ritonavir 200/50mg [Aluvia], tablets, 120 Tabs","Lopinavir/Ritonavir 200/50mg [Aluvia], tablets, 120 Tabs",200/50mg,120,1000,205,36.16,0.3,77.96
"Lamivudine 150mg, tablets, 60 Tabs","Lamivudine 150mg, tablets, 60 Tabs",150mg,60,8100,3093,2.33,0.04,40.69
"Abacavir 300mg, tablets, 60 Tabs","Abacavir 300mg, tablets, 60 Tabs",300mg,60,3073,594,15.89,0.26,80.57
"Lopinavir/Ritonavir 200/50mg, tablets, 120 Tabs","Lopinavir/Ritonavir 200/50mg, tablets, 120 Tabs",200/50mg,120,1100,See DN-2066 (ID#:83470),36,0.3,65.34
"Emtricitabine/Tenofovir Disoproxil Fumarate 200/300mg, tablets, 30 Tabs","Emtricitabine/Tenofovir Disoproxil Fumarate 200/300mg, tablets, 30 Tabs",200/300mg,30,220002,20364,11.75,0.39,5573.31
"Lamivudine 150mg, tablets, 60 Tabs","Lamivudine 150mg, tablets, 60 Tabs",150mg,60,9009,See DN-2073 (ID#:82362),2.33,0.04,45.26
"Stavudine 15mg, capsules, 60 Caps","Stavudine 15mg, capsules, 60 Caps",15mg,60,168,See DN-2073 (ID#:82362),1.5,0.02,0.54
"Zidovudine 100mg, capsules, 100 Caps","Zidovudine 100mg, capsules, 100 Caps",100mg,100,2583,See DN-2073 (ID#:82362),4.84,0.05,26.95
"Tenofovir Disoproxil Fumarate 300mg, tablets, 30 Tabs","Tenofovir Disoproxil Fumarate 300mg, tablets, 30 Tabs",300mg,30,1440,88,7.3,0.24,22.66
"Lamivudine/Nevirapine/Zidovudine 150/200/300mg, tablets, 60 Tabs","Lamivudine/Nevirapine/Zidovudine 150/200/300mg, tablets, 60 Tabs",150/300/200mg,60,125000,16790,11.22,0.19,3023.79
"Lamivudine/Zidovudine 150/300mg, tablets, 60 Tabs","Lamivudine/Zidovudine 150/300mg, tablets, 60 Tabs",150/300mg,60,4301,1435,8.55,0.14,60.68
"Zidovudine 10mg/ml, oral solution, Bottle, 240 ml","Zidovudine 10mg/ml, oral solution, Bottle, 240 ml",10mg/ml,240,1177,512,2.02,0.01,3.92
"Zidovudine 10mg/ml, oral solution w/syringe, Bottle, 240 ml","Zidovudine 10mg/ml, oral solution w/syringe, Bottle, 240 ml",10mg/ml,240,4000,1137,2.1,0.01,13.86
"Lamivudine/Zidovudine 150/300mg, tablets, 60 Tabs","Lamivudine/Zidovudine 150/300mg, tablets, 60 Tabs",150/300mg,60,18507,See DN-2106 (ID#:82933),8.55,0.14,341.15
"Zidovudine 300mg, tablets, 60 Tabs","Zidovudine 300mg, tablets, 60 Tabs",300mg,60,10776,586,7.21,0.12,167.51
"Zidovudine 300mg, tablets, 60 Tabs","Zidovudine 300mg, tablets, 60 Tabs",300mg,60,960,See DN-2113 (ID#:82937),7.21,0.12,14.92
"Abacavir 20mg/ml, oral solution w/syringe, Bottle, 240 ml","Abacavir 20mg/ml, oral solution w/syringe, Bottle, 240 ml",20mg/ml,240,544,395,13.7,0.06,12.3
"Stavudine 30mg, capsules, 60 Caps","Stavudine 30mg, capsules, 60 Caps",30mg,60,2070,176,1.4,0.02,4.78
"Stavudine 15mg, capsules, 60 Caps","Stavudine 15mg, capsules, 60 Caps",15mg,60,73,143,1.5,0.02,0.18
"Abacavir 20mg/ml, oral solution w/syringe, Bottle, 240 ml","Abacavir 20mg/ml, oral solution w/syringe, Bottle, 240 ml",20mg/ml,240,99,See DN-2129 (ID#:83488),13.7,0.06,2.24
"Didanosine 200mg, chewable/dispersible tablets, 60 Tabs","Didanosine 200mg, chewable/dispersible tablets, 60 Tabs",200mg,60,2296,17126,15,0.25,74.25
"Efavirenz 200mg, capsule, 90 Caps","Efavirenz 200mg, capsule, 90 Caps",200mg,90,2440,2325,9.71,0.11,51.08
"Lamivudine 150mg, tablets, 60 Tabs","Lamivudine 150mg, tablets, 60 Tabs",150mg,60,21678,1084,2.33,0.04,108.9
"Lamivudine/Zidovudine 150/300mg, tablets, 60 Tabs","Lamivudine/Zidovudine 150/300mg, tablets, 60 Tabs",150/300mg,60,30107,2875,8.26,0.14,536.16
"Efavirenz/Emtricitabine/Tenofovir Disoproxil Fumarate 600/200/300mg, tablets, 30 Tabs","Efavirenz/Emtricitabine/Tenofovir Disoproxil Fumarate 600/200/300mg, tablets, 30 Tabs",600/200/300mg,30,120200,13222,19.92,0.66,5162.29
"Efavirenz 600mg, tablets, 30 Tabs","Efavirenz 600mg, tablets, 30 Tabs",600mg,30,49000,4030,4.22,0.14,341.19
"Zidovudine 300mg, tablets, 60 Tabs","Zidovudine 300mg, tablets, 60 Tabs",300mg,60,15000,823,7.21,0.12,178.45
"Efavirenz 50mg, capsule, 30 Caps","Efavirenz 50mg, capsule, 30 Caps",50mg,30,3348,See DN-2179 (ID#:82946),2.24,0.07,16.17
"Lamivudine/Stavudine 60/12mg, dispersible tablets, 60 Tabs","Lamivudine/Stavudine 60/12mg, dispersible tablets, 60 Tabs",60/12mg,60,4952,See DN-2179 (ID#:82946),3.3,0.06,35.23
"Efavirenz/Emtricitabine/Tenofovir Disoproxil Fumarate 600/200/300mg, tablets, 30 Tabs","Efavirenz/Emtricitabine/Tenofovir Disoproxil Fumarate 600/200/300mg, tablets, 30 Tabs",600/200/300mg,30,720,79,19.92,0.66,23.66
"Lamivudine/Tenofovir Disoproxil Fumarate 300/300mg, tablets, 30 Tabs","Lamivudine/Tenofovir Disoproxil Fumarate 300/300mg, tablets, 30 Tabs",300/300mg,30,50000,4502,8.82,0.29,727.65
"Nevirapine 200mg, tablets, 60 Tabs","Nevirapine 200mg, tablets, 60 Tabs",200mg,60,18000,1032,2.51,0.04,97.41
"Efavirenz 200mg, capsule, 90 Caps","Efavirenz 200mg, capsule, 90 Caps",200mg,90,1152,See DN-2203 (ID#:82949),9.71,0.11,24.12
"Lamivudine/Tenofovir Disoproxil Fumarate 300/300mg, tablets, 30 Tabs","Lamivudine/Tenofovir Disoproxil Fumarate 300/300mg, tablets, 30 Tabs",300/300mg,30,70651,6749,8.82,0.29,1028.18
"Lamivudine/Zidovudine 150/300mg, tablets, 60 Tabs","Lamivudine/Zidovudine 150/300mg, tablets, 60 Tabs",150/300mg,60,30091,See DN-2213 (ID#:82952),8.26,0.14,410.11
"Emtricitabine/Tenofovir Disoproxil Fumarate 200/300mg, tablets, 30 Tabs","Emtricitabine/Tenofovir Disoproxil Fumarate 200/300mg, tablets, 30 Tabs",200/300mg,30,57749,5554,10.92,0.36,1040.52
"Lamivudine/Nevirapine/Zidovudine 150/200/300mg, tablets, 60 Tabs","Lamivudine/Nevirapine/Zidovudine 150/200/300mg, tablets, 60 Tabs",150/300/200mg,60,206853,29353,11.22,0.19,3829.47
"Lopinavir/Ritonavir 200/50mg [Aluvia], tablets, 120 Tabs","Lopinavir/Ritonavir 200/50mg [Aluvia], tablets, 120 Tabs",200/50mg,120,611,129,33.74,0.28,34.01
"Lamivudine 150mg, tablets, 60 Tabs","Lamivudine 150mg, tablets, 60 Tabs",150mg,60,18579,2029,2.33,0.04,71.43
"Tenofovir Disoproxil Fumarate 300mg, tablets, 30 Tabs","Tenofovir Disoproxil Fumarate 300mg, tablets, 30 Tabs",300mg,30,2110,See DN-2259 (ID#:82958),6.42,0.21,22.35
"Emtricitabine/Tenofovir Disoproxil Fumarate 200/300mg, tablets, 30 Tabs","Emtricitabine/Tenofovir Disoproxil Fumarate 200/300mg, tablets, 30 Tabs",200/300mg,30,77636,6986,10.54,0.35,1350.17
"Lamivudine/Zidovudine 150/300mg, tablets, 60 Tabs","Lamivudine/Zidovudine 150/300mg, tablets, 60 Tabs",150/300mg,60,15048,1391,8.55,0.14,212.29
"Lamivudine/Stavudine 30/6mg, dispersible tablets, 60 Tabs","Lamivudine/Stavudine 30/6mg, dispersible tablets, 60 Tabs",30/6mg,60,3687,212,1.9,0.03,15.1
"Lamivudine/Stavudine 150/30mg, tablets, 60 Tabs","Lamivudine/Stavudine 150/30mg, tablets, 60 Tabs",150/30mg,60,4669,357,3.28,0.05,33.02
"Lamivudine/Tenofovir Disoproxil Fumarate 300/300mg, tablets, 30 Tabs","Lamivudine/Tenofovir Disoproxil Fumarate 300/300mg, tablets, 30 Tabs",300/300mg,30,30000,2641,8.82,0.29,436.59
"Nevirapine 10mg/ml, oral suspension w/syringe, Bottle, 240 ml","Nevirapine 10mg/ml, oral suspension w/syringe, Bottle, 240 ml",10mg/ml,240,3846,Weight Captured Separately,1.95,0.01,16.17
"Nevirapine 200mg, tablets, 60 Tabs","Nevirapine 200mg, tablets, 60 Tabs",200mg,60,9073,487,2.51,0.04,49.1
"Efavirenz/Emtricitabine/Tenofovir Disoproxil Fumarate 600/200/300mg, tablets, 30 Tabs","Efavirenz/Emtricitabine/Tenofovir Disoproxil Fumarate 600/200/300mg, tablets, 30 Tabs",600/200/300mg,30,60000,See DN-2299 (ID#:82966),19.92,0.66,1972.08
"Abacavir 300mg, tablets, 60 Tabs","Abacavir 300mg, tablets, 60 Tabs",300mg,60,4617,See DN-2304 (ID#:82395),15.04,0.25,114.58
"Lamivudine 150mg, tablets, 60 Tabs","Lamivudine 150mg, tablets, 60 Tabs",150mg,60,9200,See DN-2310 (ID#:82968),2.33,0.04,35.37
"Efavirenz/Emtricitabine/Tenofovir Disoproxil Fumarate 600/200/300mg, tablets, 30 Tabs","Efavirenz/Emtricitabine/Tenofovir Disoproxil Fumarate 600/200/300mg, tablets, 30 Tabs",600/200/300mg,30,3330,370,19.92,0.66,109.45
"Lamivudine/Zidovudine 150/300mg, tablets, 60 Tabs","Lamivudine/Zidovudine 150/300mg, tablets, 60 Tabs",150/300mg,60,32168,5199,8.26,0.14,438.42
"Nevirapine 200mg, tablets, 60 Tabs","Nevirapine 200mg, tablets, 60 Tabs",200mg,60,45084,2698,2.51,0.04,186.72
"Nevirapine 200mg, tablets, 60 Tabs","Nevirapine 200mg, tablets, 60 Tabs",200mg,60,31892,See DN-2322 (ID#:82973),2.51,0.04,132.08
"Nevirapine 200mg, tablets, 60 Tabs","Nevirapine 200mg, tablets, 60 Tabs",200mg,60,9073,1406,2.45,0.04,36.68
"Lamivudine/Nevirapine/Zidovudine 150/200/300mg, tablets, 60 Tabs","Lamivudine/Nevirapine/Zidovudine 150/200/300mg, tablets, 60 Tabs",150/300/200mg,60,6139,1518,11.22,0.19,113.65
"Lamivudine/Tenofovir Disoproxil Fumarate 300/300mg, tablets, 30 Tabs","Lamivudine/Tenofovir Disoproxil Fumarate 300/300mg, tablets, 30 Tabs",300/300mg,30,7441,656,8.23,0.27,101.05
"Lamivudine/Nevirapine/Zidovudine 150/200/300mg, tablets, 60 Tabs","Lamivudine/Nevirapine/Zidovudine 150/200/300mg, tablets, 60 Tabs",150/300/200mg,60,105000,See DN-2329 (ID#:82976),11.22,0.19,1943.86
"Abacavir 300mg, tablets, 60 Tabs","Abacavir 300mg, tablets, 60 Tabs",300mg,60,2313,See DN-2339 (ID#:82401),15.04,0.25,57.4
"Efavirenz/Emtricitabine/Tenofovir Disoproxil Fumarate 600/200/300mg, tablets, 30 Tabs","Efavirenz/Emtricitabine/Tenofovir Disoproxil Fumarate 600/200/300mg, tablets, 30 Tabs",600/200/300mg,30,68235,Weight Captured Separately,19.92,0.66,2242.75
"Stavudine 30mg, capsules, 60 Caps","Stavudine 30mg, capsules, 60 Caps",30mg,60,1000,108,1.4,0.02,2.31
"Lamivudine/Zidovudine 30/60mg, tablets, 60 Tabs","Lamivudine/Zidovudine 30/60mg, tablets, 60 Tabs",30/60mg,60,323,209,3.25,0.05,1.73
"Lamivudine/Tenofovir Disoproxil Fumarate 300/300mg, tablets, 30 Tabs","Lamivudine/Tenofovir Disoproxil Fumarate 300/300mg, tablets, 30 Tabs",300/300mg,30,42444,1423,8.63,0.29,604.38
"Efavirenz/Emtricitabine/Tenofovir Disoproxil Fumarate 600/200/300mg, tablets, 30 Tabs","Efavirenz/Emtricitabine/Tenofovir Disoproxil Fumarate 600/200/300mg, tablets, 30 Tabs",600/200/300mg,30,40337,4560,19.92,0.66,1325.8
"Efavirenz 600mg, tablets, 30 Tabs","Efavirenz 600mg, tablets, 30 Tabs",600mg,30,100000,5712,4.22,0.14,696.3
"Nevirapine 10mg/ml, oral suspension w/syringe, Bottle, 240 ml","Nevirapine 10mg/ml, oral suspension w/syringe, Bottle, 240 ml",10mg/ml,240,13994,5269,1.95,0.01,45.03
"Lamivudine/Tenofovir Disoproxil Fumarate 300/300mg, tablets, 30 Tabs","Lamivudine/Tenofovir Disoproxil Fumarate 300/300mg, tablets, 30 Tabs",300/300mg,30,17300,2036,7.82,0.26,223.22
"Nevirapine 10mg/ml, oral suspension w/syringe, Bottle, 240 ml","Nevirapine 10mg/ml, oral suspension w/syringe, Bottle, 240 ml",10mg/ml,240,9794,3654,1.95,0.01,31.51
"Lamivudine/Zidovudine 30/60mg, tablets, 60 Tabs","Lamivudine/Zidovudine 30/60mg, tablets, 60 Tabs",30/60mg,60,12733,496,2.99,0.05,62.82
"Stavudine 30mg, capsules, 60 Caps","Stavudine 30mg, capsules, 60 Caps",30mg,60,4520,418,1.4,0.02,10.44
"Emtricitabine/Tenofovir Disoproxil Fumarate 200/300mg, tablets, 30 Tabs","Emtricitabine/Tenofovir Disoproxil Fumarate 200/300mg, tablets, 30 Tabs",200/300mg,30,26060,2409,8.97,0.3,385.7
"Lamivudine/Nevirapine/Zidovudine 150/200/300mg, tablets, 60 Tabs","Lamivudine/Nevirapine/Zidovudine 150/200/300mg, tablets, 60 Tabs",150/300/200mg,60,94848,See DN-2395 (ID#:82415),11.22,0.19,1755.92
"Lamivudine/Nevirapine/Zidovudine 150/200/300mg, tablets, 60 Tabs","Lamivudine/Nevirapine/Zidovudine 150/200/300mg, tablets, 60 Tabs",150/300/200mg,60,45113,6180,11.22,0.19,835.18
"Nevirapine 10mg/ml, oral suspension w/syringe, Bottle, 240 ml","Nevirapine 10mg/ml, oral suspension w/syringe, Bottle, 240 ml",10mg/ml,240,15000,5641,1.95,0.01,48.26
"Lamivudine/Zidovudine 150/300mg, tablets, 60 Tabs","Lamivudine/Zidovudine 150/300mg, tablets, 60 Tabs",150/300mg,60,5471,521,8.26,0.14,74.56
"Lamivudine/Zidovudine 150/300mg, tablets, 60 Tabs","Lamivudine/Zidovudine 150/300mg, tablets, 60 Tabs",150/300mg,60,85919,8754,8.26,0.14,1170.99
"Lamivudine 10mg/ml, oral solution w/syringe, Bottle, 240 ml","Lamivudine 10mg/ml, oral solution w/syringe, Bottle, 240 ml",10mg/ml,240,3000,1076,1.85,0.01,7.78
"Lamivudine/Nevirapine/Zidovudine 150/200/300mg, tablets, 60 Tabs","Lamivudine/Nevirapine/Zidovudine 150/200/300mg, tablets, 60 Tabs",150/300/200mg,60,150000,19143,11.22,0.19,2776.95
"Lamivudine/Nevirapine/Zidovudine 150/200/300mg, tablets, 60 Tabs","Lamivudine/Nevirapine/Zidovudine 150/200/300mg, tablets, 60 Tabs",150/300/200mg,60,275,36,11.22,0.19,5.09
"Efavirenz 600mg, tablets, 30 Tabs","Efavirenz 600mg, tablets, 30 Tabs",600mg,30,65000,Weight Captured Separately,4.22,0.14,452.6
"Lamivudine/Zidovudine 150/300mg, tablets, 60 Tabs","Lamivudine/Zidovudine 150/300mg, tablets, 60 Tabs",150/300mg,60,28168,318,8.26,0.14,383.9
"Nevirapine 200mg, tablets, 60 Tabs","Nevirapine 200mg, tablets, 60 Tabs",200mg,60,2940,See DN-2488 (ID#:83553),2.45,0.04,11.88
"Efavirenz 600mg, tablets, 30 Tabs","Efavirenz 600mg, tablets, 30 Tabs",600mg,30,30,55,4.12,0.14,0.17
"Efavirenz 600mg, tablets, 30 Tabs","Efavirenz 600mg, tablets, 30 Tabs",600mg,30,10,See DN-2497 (ID#:82435),4.12,0.14,0.06
"Efavirenz 200mg, capsule, 90 Caps","Efavirenz 200mg, capsule, 90 Caps",200mg,90,153,See DN-2503 (ID#:83007),8.87,0.1,1.9
"Abacavir 20mg/ml, oral solution w/syringe, Bottle, 240 ml","Abacavir 20mg/ml, oral solution w/syringe, Bottle, 240 ml",20mg/ml,240,55,See DN-2503 (ID#:83007),12.5,0.05,0.96
"Nevirapine 10mg/ml, oral suspension w/syringe, Bottle, 240 ml","Nevirapine 10mg/ml, oral suspension w/syringe, Bottle, 240 ml",10mg/ml,240,186,81,1.95,0.01,0.51
"Lamivudine/Zidovudine 150/300mg, tablets, 60 Tabs","Lamivudine/Zidovudine 150/300mg, tablets, 60 Tabs",150/300mg,60,300,39,7.72,0.13,3.25
"Lamivudine/Tenofovir Disoproxil Fumarate 300/300mg, tablets, 30 Tabs","Lamivudine/Tenofovir Disoproxil Fumarate 300/300mg, tablets, 30 Tabs",300/300mg,30,8,See DN-2504 (ID#:83559),6.08,0.2,0.07
"Lamivudine/Tenofovir Disoproxil Fumarate 300/300mg, tablets, 30 Tabs","Lamivudine/Tenofovir Disoproxil Fumarate 300/300mg, tablets, 30 Tabs",300/300mg,30,53,220,6.08,0.2,0.45
"Nevirapine 10mg/ml, oral suspension w/syringe, Bottle, 240 ml","Nevirapine 10mg/ml, oral suspension w/syringe, Bottle, 240 ml",10mg/ml,240,699,See DN-2507 (ID#:82440),1.95,0.01,1.91
"Nevirapine 10mg/ml, oral suspension w/syringe, Bottle, 240 ml","Nevirapine 10mg/ml, oral suspension w/syringe, Bottle, 240 ml",10mg/ml,240,1090,512,1.95,0.01,2.98
"Zidovudine 300mg, tablets, 60 Tabs","Zidovudine 300mg, tablets, 60 Tabs",300mg,60,1700,See DN-2511 (ID#:83563),7.02,0.12,16.73
"Nevirapine 10mg/ml, oral suspension w/syringe, Bottle, 240 ml","Nevirapine 10mg/ml, oral suspension w/syringe, Bottle, 240 ml",10mg/ml,240,2463,See DN-2512 (ID#:82443),1.95,0.01,6.73
"Lamivudine/Tenofovir Disoproxil Fumarate 300/300mg, tablets, 30 Tabs","Lamivudine/Tenofovir Disoproxil Fumarate 300/300mg, tablets, 30 Tabs",300/300mg,30,17556,1373,6.08,0.2,176.12
"Lamivudine 150mg, tablets, 60 Tabs","Lamivudine 150mg, tablets, 60 Tabs",150mg,60,67,4,2.33,0.04,0.22
"Nevirapine 10mg/ml, oral suspension w/syringe, Bottle, 240 ml","Nevirapine 10mg/ml, oral suspension w/syringe, Bottle, 240 ml",10mg/ml,240,4448,1663,1.95,0.01,14.31
"Lamivudine 150mg, tablets, 60 Tabs","Lamivudine 150mg, tablets, 60 Tabs",150mg,60,10350,495,2.33,0.04,33.81
"Efavirenz/Emtricitabine/Tenofovir Disoproxil Fumarate 600/200/300mg, tablets, 30 Tabs","Efavirenz/Emtricitabine/Tenofovir Disoproxil Fumarate 600/200/300mg, tablets, 30 Tabs",600/200/300mg,30,8922,973,16.73,0.56,246.29
"Efavirenz/Emtricitabine/Tenofovir Disoproxil Fumarate 600/200/300mg, tablets, 30 Tabs","Efavirenz/Emtricitabine/Tenofovir Disoproxil Fumarate 600/200/300mg, tablets, 30 Tabs",600/200/300mg,30,7140,779,16.73,0.56,167.47
"Lamivudine/Zidovudine 150/300mg, tablets, 60 Tabs","Lamivudine/Zidovudine 150/300mg, tablets, 60 Tabs",150/300mg,60,99995,11636,8.26,0.14,1157.99
"Lamivudine/Zidovudine 150/300mg, tablets, 60 Tabs","Lamivudine/Zidovudine 150/300mg, tablets, 60 Tabs",150/300mg,60,15653,See DN-2564 (ID#:83572),8.26,0.14,181.27
"Efavirenz 600mg, tablets, 30 Tabs","Efavirenz 600mg, tablets, 30 Tabs",600mg,30,91166,6073,4.12,0.14,526.6
"Abacavir 300mg, tablets, 60 Tabs","Abacavir 300mg, tablets, 60 Tabs",300mg,60,127,25,14.63,0.24,2.6
"Lamivudine/Nevirapine/Zidovudine 150/200/300mg, tablets, 60 Tabs","Lamivudine/Nevirapine/Zidovudine 150/200/300mg, tablets, 60 Tabs",150/300/200mg,60,20000,See DN-2590 (ID#:83019),11.22,0.19,370.26
"Zidovudine 10mg/ml, oral solution w/syringe, Bottle, 240 ml","Zidovudine 10mg/ml, oral solution w/syringe, Bottle, 240 ml",10mg/ml,240,180,327,2.1,0.01,0.53
"Zidovudine 300mg, tablets, 60 Tabs","Zidovudine 300mg, tablets, 60 Tabs",300mg,60,31263,1616,7.02,0.12,362.12
"Lamivudine/Nevirapine/Stavudine 150/200/30mg, tablets, 60 Tabs","Lamivudine/Nevirapine/Stavudine 150/200/30mg, tablets, 60 Tabs",150/200/30mg,60,50000,10381,5.38,0.09,443.85
"Lamivudine/Nevirapine/Zidovudine 150/200/300mg, tablets, 60 Tabs","Lamivudine/Nevirapine/Zidovudine 150/200/300mg, tablets, 60 Tabs",150/300/200mg,60,71568,11441,11,0.18,1298.96
"Lamivudine/Nevirapine/Zidovudine 150/200/300mg, tablets, 60 Tabs","Lamivudine/Nevirapine/Zidovudine 150/200/300mg, tablets, 60 Tabs",150/300/200mg,60,100000,See DN-2616 (ID#:83024),11.22,0.19,1851.3
"Nevirapine 200mg, tablets, 60 Tabs","Nevirapine 200mg, tablets, 60 Tabs",200mg,60,52164,12347,2.58,0.04,222.06
"Lamivudine/Zidovudine 150/300mg, tablets, 60 Tabs","Lamivudine/Zidovudine 150/300mg, tablets, 60 Tabs",150/300mg,60,152458,28103,8,0.13,2012.45
"Efavirenz 50mg, capsule, 30 Caps","Efavirenz 50mg, capsule, 30 Caps",50mg,30,1092,7,2.24,0.07,4.04
"Lamivudine/Nevirapine/Stavudine 30/50/6mg, dispersible tablets, 60 Tabs","Lamivudine/Nevirapine/Stavudine 30/50/6mg, dispersible tablets, 60 Tabs",30/50/6mg,60,15855,1380,2.49,0.04,65.14
"Lamivudine/Zidovudine 150/300mg, tablets, 60 Tabs","Lamivudine/Zidovudine 150/300mg, tablets, 60 Tabs",150/300mg,60,1728,Weight Captured Separately,8,0.13,19.38
"Abacavir 300mg, tablets, 60 Tabs","Abacavir 300mg, tablets, 60 Tabs",300mg,60,1850,630,13.15,0.22,34.11
"Abacavir 300mg, tablets, 60 Tabs","Abacavir 300mg, tablets, 60 Tabs",300mg,60,4250,437,13.15,0.22,78.35
"Abacavir 300mg, tablets, 60 Tabs","Abacavir 300mg, tablets, 60 Tabs",300mg,60,9995,See DN-2652 (ID#:82477),13.15,0.22,184.27
"Lamivudine/Nevirapine/Zidovudine 150/200/300mg, tablets, 60 Tabs","Lamivudine/Nevirapine/Zidovudine 150/200/300mg, tablets, 60 Tabs",150/300/200mg,60,200000,See DN-2663 (ID#:82478),10.29,0.17,2885.32
"Nevirapine 200mg, tablets, 60 Tabs","Nevirapine 200mg, tablets, 60 Tabs",200mg,60,8333,479,2.44,0.04,28.51
"Lamivudine/Zidovudine 150/300mg, tablets, 60 Tabs","Lamivudine/Zidovudine 150/300mg, tablets, 60 Tabs",150/300mg,60,1470,See DN-2951 (ID#:82532),7.72,0.13,15.91
"Lamivudine/Nevirapine/Zidovudine 150/200/300mg, tablets, 60 Tabs","Lamivudine/Nevirapine/Zidovudine 150/200/300mg, tablets, 60 Tabs",150/300/200mg,60,11574,See DN-2695 (ID#:83043),10.29,0.17,196.51
"Abacavir/Lamivudine 600/300mg, scored tablets, 30 Tabs","Abacavir/Lamivudine 600/300mg, scored tablets, 30 Tabs",600/300mg,30,2340,263,22.5,0.75,73.82
"Emtricitabine/Tenofovir Disoproxil Fumarate 200/300mg, tablets, 30 Tabs","Emtricitabine/Tenofovir Disoproxil Fumarate 200/300mg, tablets, 30 Tabs",200/300mg,30,8257,814,8.04,0.27,93.07
"Tenofovir Disoproxil Fumarate 300mg, tablets, 30 Tabs","Tenofovir Disoproxil Fumarate 300mg, tablets, 30 Tabs",300mg,30,4000,372,5.5,0.18,30.84
"Abacavir/Lamivudine/Zidovudine 300/150/300mg, tablets, 60 Tabs","Abacavir/Lamivudine/Zidovudine 300/150/300mg, tablets, 60 Tabs",300/150/300mg,60,1200,464,30,0.5,50.47
"Lamivudine 150mg, tablets, 60 Tabs","Lamivudine 150mg, tablets, 60 Tabs",150mg,60,2268,741,2.33,0.04,7.41
"Lopinavir/Ritonavir 200/50mg, tablets, 120 Tabs","Lopinavir/Ritonavir 200/50mg, tablets, 120 Tabs",200/50mg,120,4001,972,29.68,0.25,166.49
"Efavirenz 600mg, tablets, 30 Tabs","Efavirenz 600mg, tablets, 30 Tabs",600mg,30,840,See DN-2729 (ID#:82487),3.81,0.13,4.49
"Efavirenz/Emtricitabine/Tenofovir Disoproxil Fumarate 600/200/300mg, tablets, 30 Tabs","Efavirenz/Emtricitabine/Tenofovir Disoproxil Fumarate 600/200/300mg, tablets, 30 Tabs",600/200/300mg,30,190000,21534,15.04,0.5,4006.36
"Lamivudine/Tenofovir Disoproxil Fumarate 300/300mg, tablets, 30 Tabs","Lamivudine/Tenofovir Disoproxil Fumarate 300/300mg, tablets, 30 Tabs",300/300mg,30,35000,2657,5.54,0.18,271.85
"Zidovudine 300mg, tablets, 60 Tabs","Zidovudine 300mg, tablets, 60 Tabs",300mg,60,24530,1380,7.02,0.12,241.43
"Lamivudine/Nevirapine/Zidovudine 150/200/300mg, tablets, 60 Tabs","Lamivudine/Nevirapine/Zidovudine 150/200/300mg, tablets, 60 Tabs",150/300/200mg,60,20000,See DN-2754 (ID#:82491),9.81,0.16,275.07
"Tenofovir Disoproxil Fumarate 300mg, tablets, 30 Tabs","Tenofovir Disoproxil Fumarate 300mg, tablets, 30 Tabs",300mg,30,720,49,4.82,0.16,4.87
"Lopinavir/Ritonavir 200/50mg, tablets, 120 Tabs","Lopinavir/Ritonavir 200/50mg, tablets, 120 Tabs",200/50mg,120,25024,30606,29.31,0.24,1028.3
"Lamivudine/Tenofovir Disoproxil Fumarate 300/300mg, tablets, 30 Tabs","Lamivudine/Tenofovir Disoproxil Fumarate 300/300mg, tablets, 30 Tabs",300/300mg,30,1161,2566,5.54,0.18,9.02
"Nevirapine 200mg, tablets, 60 Tabs","Nevirapine 200mg, tablets, 60 Tabs",200mg,60,50000,14810,2.51,0.04,175.95
"Lamivudine/Tenofovir Disoproxil Fumarate 300/300mg, tablets, 30 Tabs","Lamivudine/Tenofovir Disoproxil Fumarate 300/300mg, tablets, 30 Tabs",300/300mg,30,39600,See DN-2781 (ID#:83061),5.54,0.18,307.58
"Lamivudine/Zidovudine 150/300mg, tablets, 60 Tabs","Lamivudine/Zidovudine 150/300mg, tablets, 60 Tabs",150/300mg,60,29880,2699,7.78,0.13,325.92
"Nevirapine 200mg, tablets, 60 Tabs","Nevirapine 200mg, tablets, 60 Tabs",200mg,60,79235,See DN-2773 (ID#:83608),2.51,0.04,278.83
"Lamivudine/Stavudine 150/30mg, tablets, 60 Tabs","Lamivudine/Stavudine 150/30mg, tablets, 60 Tabs",150/30mg,60,7300,375,2.95,0.05,30.19
"Nevirapine 200mg, tablets, 60 Tabs","Nevirapine 200mg, tablets, 60 Tabs",200mg,60,58074,4687,2.42,0.04,231.89
"Lamivudine/Stavudine 150/30mg, tablets, 60 Tabs","Lamivudine/Stavudine 150/30mg, tablets, 60 Tabs",150/30mg,60,7150,See DN-2804 (ID#:82499),2.95,0.05,34.8
"Nevirapine 10mg/ml, oral suspension w/syringe, Bottle, 240 ml","Nevirapine 10mg/ml, oral suspension w/syringe, Bottle, 240 ml",10mg/ml,240,33792,12605,1.95,0.01,92.38
"Lopinavir/Ritonavir 200/50mg, tablets, 120 Tabs","Lopinavir/Ritonavir 200/50mg, tablets, 120 Tabs",200/50mg,120,25597,9790,29.31,0.24,1051.85
"Zidovudine 300mg, tablets, 60 Tabs","Zidovudine 300mg, tablets, 60 Tabs",300mg,60,6369,See DN-2812 (ID#:83068),6.76,0.11,60.36
"Lamivudine/Tenofovir Disoproxil Fumarate 300/300mg, tablets, 30 Tabs","Lamivudine/Tenofovir Disoproxil Fumarate 300/300mg, tablets, 30 Tabs",300/300mg,30,369,See DN-2812 (ID#:83068),5.36,0.18,2.77
"Nevirapine 10mg/ml, oral suspension w/syringe, Bottle, 240 ml","Nevirapine 10mg/ml, oral suspension w/syringe, Bottle, 240 ml",10mg/ml,240,6172,See DN-2812 (ID#:83068),1.95,0.01,16.87
"Abacavir 20mg/ml, oral solution w/syringe, Bottle, 240 ml","Abacavir 20mg/ml, oral solution w/syringe, Bottle, 240 ml",20mg/ml,240,100,37,12.5,0.05,1.75
"Efavirenz/Emtricitabine/Tenofovir Disoproxil Fumarate 600/200/300mg, tablets, 30 Tabs","Efavirenz/Emtricitabine/Tenofovir Disoproxil Fumarate 600/200/300mg, tablets, 30 Tabs",600/200/300mg,30,60000,6801,15.04,0.5,1265.16
"Zidovudine 10mg/ml, oral solution w/syringe, Bottle, 240 ml","Zidovudine 10mg/ml, oral solution w/syringe, Bottle, 240 ml",10mg/ml,240,4000,1596,2.1,0.01,11.78
"Nevirapine 10mg/ml, oral suspension w/syringe, Bottle, 240 ml","Nevirapine 10mg/ml, oral suspension w/syringe, Bottle, 240 ml",10mg/ml,240,4320,1624,1.95,0.01,11.81
"Tenofovir Disoproxil Fumarate 300mg, tablets, 30 Tabs","Tenofovir Disoproxil Fumarate 300mg, tablets, 30 Tabs",300mg,30,2832,159,4.82,0.16,19.14
"Efavirenz/Emtricitabine/Tenofovir Disoproxil Fumarate 600/200/300mg, tablets, 30 Tabs","Efavirenz/Emtricitabine/Tenofovir Disoproxil Fumarate 600/200/300mg, tablets, 30 Tabs",600/200/300mg,30,152880,17227,14.38,0.48,3082.18
"Efavirenz 600mg, tablets, 30 Tabs","Efavirenz 600mg, tablets, 30 Tabs",600mg,30,33373,2870,3.64,0.12,170.31
"Lamivudine/Zidovudine 150/300mg, tablets, 60 Tabs","Lamivudine/Zidovudine 150/300mg, tablets, 60 Tabs",150/300mg,60,69990,6408,7.72,0.13,757.53
"Lopinavir/Ritonavir 200/50mg, tablets, 120 Tabs","Lopinavir/Ritonavir 200/50mg, tablets, 120 Tabs",200/50mg,120,22920,12181,26.7,0.22,857.97
"Lamivudine/Nevirapine/Stavudine 60/100/12mg, dispersible tablets, 60 Tabs","Lamivudine/Nevirapine/Stavudine 60/100/12mg, dispersible tablets, 60 Tabs",60/100/12mg,60,844,466,4.3,0.07,5.09
"Lamivudine/Tenofovir Disoproxil Fumarate 300/300mg, tablets, 30 Tabs","Lamivudine/Tenofovir Disoproxil Fumarate 300/300mg, tablets, 30 Tabs",300/300mg,30,41514,4052,5.36,0.18,311.97
"Efavirenz/Lamivudine/Tenofovir Disoproxil Fumarate 600/300/300mg, tablets, 30 Tabs","Efavirenz/Lamivudine/Tenofovir Disoproxil Fumarate 600/300/300mg, tablets, 30 Tabs",600/300/300mg,30,31560,3856,13.27,0.44,587.16
"Abacavir 300mg, tablets, 60 Tabs","Abacavir 300mg, tablets, 60 Tabs",300mg,60,11837,1319,12.96,0.22,215.08
"Lamivudine/Zidovudine 30/60mg, tablets, 60 Tabs","Lamivudine/Zidovudine 30/60mg, tablets, 60 Tabs",30/60mg,60,19733,See DN-2914 (ID#:83089),2.76,0.05,76.36
"Efavirenz 600mg, tablets, 30 Tabs","Efavirenz 600mg, tablets, 30 Tabs",600mg,30,4938,430,3.64,0.12,25.2
"Nevirapine 200mg, tablets, 60 Tabs","Nevirapine 200mg, tablets, 60 Tabs",200mg,60,1890,4145,2.42,0.04,6.41
"Efavirenz 600mg, tablets, 30 Tabs","Efavirenz 600mg, tablets, 30 Tabs",600mg,30,19656,1679,3.64,0.12,88.5
"Lamivudine/Nevirapine/Zidovudine 30/50/60mg, dispersible tablets, 60 Tabs","Lamivudine/Nevirapine/Zidovudine 30/50/60mg, dispersible tablets, 60 Tabs",30/50/60mg,60,135933,See DN-2942 (ID#:82530),4.15,0.07,790.9
"Lamivudine/Zidovudine 150/300mg, tablets, 60 Tabs","Lamivudine/Zidovudine 150/300mg, tablets, 60 Tabs",150/300mg,60,187168,18234,7.72,0.13,2025.8
"Lamivudine/Zidovudine 150/300mg, tablets, 60 Tabs","Lamivudine/Zidovudine 150/300mg, tablets, 60 Tabs",150/300mg,60,90000,10611,7.72,0.13,974.11
"Lamivudine/Nevirapine/Zidovudine 150/200/300mg, tablets, 60 Tabs","Lamivudine/Nevirapine/Zidovudine 150/200/300mg, tablets, 60 Tabs",150/300/200mg,60,204417,50634,9.62,0.16,2757.02
"Lamivudine/Nevirapine/Zidovudine 150/200/300mg, tablets, 60 Tabs","Lamivudine/Nevirapine/Zidovudine 150/200/300mg, tablets, 60 Tabs",150/300/200mg,60,9577,6889,9.62,0.16,129.17
"Efavirenz 600mg, tablets, 30 Tabs","Efavirenz 600mg, tablets, 30 Tabs",600mg,30,252,See DN-2975 (ID#:82536),3.56,0.12,1.26
"Abacavir 20mg/ml, oral solution w/syringe, Bottle, 240 ml","Abacavir 20mg/ml, oral solution w/syringe, Bottle, 240 ml",20mg/ml,240,480,173,12.5,0.05,7.42
"Lopinavir/Ritonavir 200/50mg, tablets, 120 Tabs","Lopinavir/Ritonavir 200/50mg, tablets, 120 Tabs",200/50mg,120,159,See DN-2981 (ID#:82538),24.76,0.21,4.87
"Efavirenz/Emtricitabine/Tenofovir Disoproxil Fumarate 600/200/300mg, tablets, 30 Tabs","Efavirenz/Emtricitabine/Tenofovir Disoproxil Fumarate 600/200/300mg, tablets, 30 Tabs",600/200/300mg,30,98791,12135,13.69,0.46,1896.13
"Tenofovir Disoproxil Fumarate 300mg, tablets, 30 Tabs","Tenofovir Disoproxil Fumarate 300mg, tablets, 30 Tabs",300mg,30,7395,779,4.04,0.13,41.89
"Lamivudine/Nevirapine/Zidovudine 150/200/300mg, tablets, 60 Tabs","Lamivudine/Nevirapine/Zidovudine 150/200/300mg, tablets, 60 Tabs",150/300/200mg,60,39792,4658,8.97,0.15,441.53
"Efavirenz 600mg, tablets, 30 Tabs","Efavirenz 600mg, tablets, 30 Tabs",600mg,30,24966,5391,3.56,0.12,109.94
"Nevirapine 10mg/ml, oral suspension w/syringe, Bottle, 240 ml","Nevirapine 10mg/ml, oral suspension w/syringe, Bottle, 240 ml",10mg/ml,240,62500,23176,1.95,0.01,150.76
"Efavirenz/Lamivudine/Tenofovir Disoproxil Fumarate 600/300/300mg, tablets, 30 Tabs","Efavirenz/Lamivudine/Tenofovir Disoproxil Fumarate 600/300/300mg, tablets, 30 Tabs",600/300/300mg,30,14406,1639,12.11,0.4,244.59
"Nevirapine 200mg, tablets, 60 Tabs","Nevirapine 200mg, tablets, 60 Tabs",200mg,60,1820,See DN-3012 (ID#:83107),2.31,0.04,5.2
"Lamivudine/Stavudine 30/6mg, dispersible tablets, 60 Tabs","Lamivudine/Stavudine 30/6mg, dispersible tablets, 60 Tabs",30/6mg,60,888,119,1.9,0.03,2.09
"Efavirenz/Lamivudine/Tenofovir Disoproxil Fumarate 600/300/300mg, tablets, 30 Tabs","Efavirenz/Lamivudine/Tenofovir Disoproxil Fumarate 600/300/300mg, tablets, 30 Tabs",600/300/300mg,30,15890,1807,12.11,0.4,238.03
"Efavirenz 600mg, tablets, 30 Tabs","Efavirenz 600mg, tablets, 30 Tabs",600mg,30,48960,See DN-3030 (ID#:82549),3.33,0.11,228.58
"Efavirenz 600mg, tablets, 30 Tabs","Efavirenz 600mg, tablets, 30 Tabs",600mg,30,4800,3082,3.33,0.11,19.77
"Abacavir/Lamivudine 600/300mg, scored tablets, 30 Tabs","Abacavir/Lamivudine 600/300mg, scored tablets, 30 Tabs",600/300mg,30,5009,467,13.96,0.47,86.5
"Lamivudine/Nevirapine/Stavudine 30/50/6mg, dispersible tablets, 60 Tabs","Lamivudine/Nevirapine/Stavudine 30/50/6mg, dispersible tablets, 60 Tabs",30/50/6mg,60,619,See DN-3044 (ID#:83116),2.3,0.04,1.76
"Lopinavir/Ritonavir 200/50mg, tablets, 120 Tabs","Lopinavir/Ritonavir 200/50mg, tablets, 120 Tabs",200/50mg,120,6160,See DN-3015 (ID#:82554),24.76,0.21,188.67
"Nevirapine 10mg/ml, oral suspension w/syringe, Bottle, 240 ml","Nevirapine 10mg/ml, oral suspension w/syringe, Bottle, 240 ml",10mg/ml,240,1716,See DN-3015 (ID#:82554),1.95,0.01,4.14
"Efavirenz/Lamivudine/Tenofovir Disoproxil Fumarate 600/300/300mg, tablets, 30 Tabs","Efavirenz/Lamivudine/Tenofovir Disoproxil Fumarate 600/300/300mg, tablets, 30 Tabs",600/300/300mg,30,5277,1366,12.11,0.4,79.05
"Abacavir/Lamivudine 60/30mg, tablets, 60 Tabs","Abacavir/Lamivudine 60/30mg, tablets, 60 Tabs",60/30mg,60,2599,120,4.6,0.08,14.79
"Lamivudine 10mg/ml, oral solution w/syringe, Bottle, 240 ml","Lamivudine 10mg/ml, oral solution w/syringe, Bottle, 240 ml",10mg/ml,240,238,76,1.85,0.01,0.54
"Abacavir 300mg, tablets, 60 Tabs","Abacavir 300mg, tablets, 60 Tabs",300mg,60,182,See DN-3060 (ID#:83121),12.96,0.22,2.92
"Lamivudine/Nevirapine/Zidovudine 30/50/60mg, dispersible tablets, 60 Tabs","Lamivudine/Nevirapine/Zidovudine 30/50/60mg, dispersible tablets, 60 Tabs",30/50/60mg,60,5701,335,4.15,0.07,33.17
"Lamivudine 150mg, tablets, 60 Tabs","Lamivudine 150mg, tablets, 60 Tabs",150mg,60,2890,168,1.99,0.03,7.11
"Efavirenz/Lamivudine/Tenofovir Disoproxil Fumarate 600/300/300mg, tablets, 30 Tabs","Efavirenz/Lamivudine/Tenofovir Disoproxil Fumarate 600/300/300mg, tablets, 30 Tabs",600/300/300mg,30,22000,2435,12.11,0.4,329.56
"Zidovudine 10mg/ml, oral solution w/syringe, Bottle, 240 ml","Zidovudine 10mg/ml, oral solution w/syringe, Bottle, 240 ml",10mg/ml,240,574,422,2.1,0.01,1.49
"Lopinavir/Ritonavir 200/50mg, tablets, 120 Tabs","Lopinavir/Ritonavir 200/50mg, tablets, 120 Tabs",200/50mg,120,12837,4613,24.76,0.21,393.17
"Emtricitabine/Tenofovir Disoproxil Fumarate 200/300mg, tablets, 30 Tabs","Emtricitabine/Tenofovir Disoproxil Fumarate 200/300mg, tablets, 30 Tabs",200/300mg,30,24042,2006,6.07,0.2,204.6
"Lamivudine/Nevirapine/Zidovudine 150/200/300mg, tablets, 60 Tabs","Lamivudine/Nevirapine/Zidovudine 150/200/300mg, tablets, 60 Tabs",150/300/200mg,60,15795,2234,8.58,0.14,167.64
"Efavirenz/Lamivudine/Tenofovir Disoproxil Fumarate 600/300/300mg, tablets, 30 Tabs","Efavirenz/Lamivudine/Tenofovir Disoproxil Fumarate 600/300/300mg, tablets, 30 Tabs",600/300/300mg,30,52127,6874,10.52,0.35,678.34
"Efavirenz/Lamivudine/Tenofovir Disoproxil Fumarate 600/300/300mg, tablets, 30 Tabs","Efavirenz/Lamivudine/Tenofovir Disoproxil Fumarate 600/300/300mg, tablets, 30 Tabs",600/300/300mg,30,17310,2291,10.52,0.35,225.26
"Lamivudine/Tenofovir Disoproxil Fumarate 300/300mg, tablets, 30 Tabs","Lamivudine/Tenofovir Disoproxil Fumarate 300/300mg, tablets, 30 Tabs",300/300mg,30,30685,5426,4.7,0.16,178.4
"Lamivudine/Nevirapine/Zidovudine 150/200/300mg, tablets, 60 Tabs","Lamivudine/Nevirapine/Zidovudine 150/200/300mg, tablets, 60 Tabs",150/300/200mg,60,3746,See DN-3125 (ID#:82571),8.58,0.14,39.76
"Nevirapine 200mg, tablets, 60 Tabs","Nevirapine 200mg, tablets, 60 Tabs",200mg,60,378,See DN-3125 (ID#:82571),2.26,0.04,1.06
"Nevirapine 200mg, tablets, 60 Tabs","Nevirapine 200mg, tablets, 60 Tabs",200mg,60,91000,See DN-3131 (ID#:83136),2.26,0.04,254.4
"Lamivudine/Tenofovir Disoproxil Fumarate 300/300mg, tablets, 30 Tabs","Lamivudine/Tenofovir Disoproxil Fumarate 300/300mg, tablets, 30 Tabs",300/300mg,30,90986,22001,4.7,0.16,528.98
"Zidovudine 10mg/ml, oral solution w/syringe, Bottle, 240 ml","Zidovudine 10mg/ml, oral solution w/syringe, Bottle, 240 ml",10mg/ml,240,18597,7141,2.1,0.01,48.31
"Abacavir/Lamivudine 600/300mg, scored tablets, 30 Tabs","Abacavir/Lamivudine 600/300mg, scored tablets, 30 Tabs",600/300mg,30,3820,3917,14.57,0.49,68.85
"Zidovudine 10mg/ml, oral solution w/syringe, Bottle, 240 ml","Zidovudine 10mg/ml, oral solution w/syringe, Bottle, 240 ml",10mg/ml,240,1500,575,2.1,0.01,3.9
"Lamivudine/Zidovudine 150/300mg, tablets, 60 Tabs","Lamivudine/Zidovudine 150/300mg, tablets, 60 Tabs",150/300mg,60,35000,12877,7,0.12,303.06
"Efavirenz/Lamivudine/Tenofovir Disoproxil Fumarate 600/300/300mg, tablets, 30 Tabs","Efavirenz/Lamivudine/Tenofovir Disoproxil Fumarate 600/300/300mg, tablets, 30 Tabs",600/300/300mg,30,120000,17470,10.52,0.35,1561.59
"Efavirenz 600mg, tablets, 30 Tabs","Efavirenz 600mg, tablets, 30 Tabs",600mg,30,36390,17455,3.33,0.11,149.9
"Lamivudine/Zidovudine 150/300mg, tablets, 60 Tabs","Lamivudine/Zidovudine 150/300mg, tablets, 60 Tabs",150/300mg,60,62168,22497,7,0.12,610.12
"Efavirenz/Emtricitabine/Tenofovir Disoproxil Fumarate 600/200/300mg, tablets, 30 Tabs","Efavirenz/Emtricitabine/Tenofovir Disoproxil Fumarate 600/200/300mg, tablets, 30 Tabs",600/200/300mg,30,30598,3637,12.96,0.43,490.53
"Abacavir 300mg, tablets, 60 Tabs","Abacavir 300mg, tablets, 60 Tabs",300mg,60,10347,1064,12.96,0.22,165.88
"Efavirenz/Lamivudine/Tenofovir Disoproxil Fumarate 600/300/300mg, tablets, 30 Tabs","Efavirenz/Lamivudine/Tenofovir Disoproxil Fumarate 600/300/300mg, tablets, 30 Tabs",600/300/300mg,30,36273,4846,10.52,0.35,472.03
"Lamivudine/Nevirapine/Zidovudine 150/200/300mg, tablets, 60 Tabs","Lamivudine/Nevirapine/Zidovudine 150/200/300mg, tablets, 60 Tabs",150/300/200mg,60,15117,8057,8.26,0.14,154.46
"Lopinavir/Ritonavir 200/50mg, tablets, 120 Tabs","Lopinavir/Ritonavir 200/50mg, tablets, 120 Tabs",200/50mg,120,20000,5633,21,0.18,519.54
"Lamivudine/Zidovudine 150/300mg, tablets, 60 Tabs","Lamivudine/Zidovudine 150/300mg, tablets, 60 Tabs",150/300mg,60,4026,410,7.27,0.12,36.21
"Efavirenz 600mg, tablets, 30 Tabs","Efavirenz 600mg, tablets, 30 Tabs",600mg,30,96480,See DN-3256 (ID#:83149),3.33,0.11,397.42
"Lamivudine/Zidovudine 150/300mg, tablets, 60 Tabs","Lamivudine/Zidovudine 150/300mg, tablets, 60 Tabs",150/300mg,60,7619,See DN-3256 (ID#:83149),7,0.12,65.97
"Abacavir 300mg, tablets, 60 Tabs","Abacavir 300mg, tablets, 60 Tabs",300mg,60,1102,645,12.96,0.22,17.67
"Lamivudine/Tenofovir Disoproxil Fumarate 300/300mg, tablets, 30 Tabs","Lamivudine/Tenofovir Disoproxil Fumarate 300/300mg, tablets, 30 Tabs",300/300mg,30,65615,See DN-3263 (ID#:83150),4.7,0.16,381.48
"Efavirenz 600mg, tablets, 30 Tabs","Efavirenz 600mg, tablets, 30 Tabs",600mg,30,36007,19158,3.33,0.11,148.32
"Efavirenz 600mg, tablets, 30 Tabs","Efavirenz 600mg, tablets, 30 Tabs",600mg,30,238,See DN-3268 (ID#:82595),3.33,0.11,0.98
"Lopinavir/Ritonavir 200/50mg, tablets, 120 Tabs","Lopinavir/Ritonavir 200/50mg, tablets, 120 Tabs",200/50mg,120,378,See DN-3268 (ID#:82595),21.78,0.18,10.18
"Lamivudine/Zidovudine 150/300mg, tablets, 60 Tabs","Lamivudine/Zidovudine 150/300mg, tablets, 60 Tabs",150/300mg,60,864,758,7,0.12,7.48
"Efavirenz 200mg, scored tablets, 90 Tabs","Efavirenz 200mg, scored tablets, 90 Tabs",200mg,90,312,See DN-3269 (ID#:83711),7.3,0.08,2.82
"Abacavir 300mg, tablets, 60 Tabs","Abacavir 300mg, tablets, 60 Tabs",300mg,60,2788,285,11.46,0.19,39.52
"Lamivudine/Stavudine 30/6mg, dispersible tablets, 60 Tabs","Lamivudine/Stavudine 30/6mg, dispersible tablets, 60 Tabs",30/6mg,60,638,45,1.9,0.03,1.5
"Nevirapine 10mg/ml, oral suspension w/syringe, Bottle, 240 ml","Nevirapine 10mg/ml, oral suspension w/syringe, Bottle, 240 ml",10mg/ml,240,2191,823,1.95,0.01,5.99
"Efavirenz 600mg, tablets, 30 Tabs","Efavirenz 600mg, tablets, 30 Tabs",600mg,30,9357,12264,3.33,0.11,38.54
"Efavirenz 200mg, scored tablets, 90 Tabs","Efavirenz 200mg, scored tablets, 90 Tabs",200mg,90,98,7,9.3,0.1,1.13
"Lamivudine/Zidovudine 150/300mg, tablets, 60 Tabs","Lamivudine/Zidovudine 150/300mg, tablets, 60 Tabs",150/300mg,60,3035,1722,7.27,0.12,27.29
"Lamivudine/Zidovudine 150/300mg, tablets, 60 Tabs","Lamivudine/Zidovudine 150/300mg, tablets, 60 Tabs",150/300mg,60,67271,6041,7,0.12,660.2
"Lamivudine/Tenofovir Disoproxil Fumarate 300/300mg, tablets, 30 Tabs","Lamivudine/Tenofovir Disoproxil Fumarate 300/300mg, tablets, 30 Tabs",300/300mg,30,48,29,4.7,0.16,0.28
"Efavirenz 600mg, tablets, 30 Tabs","Efavirenz 600mg, tablets, 30 Tabs",600mg,30,4072,7791,3.33,0.11,16.77
"Abacavir/Lamivudine 60/30mg, tablets, 30 Tabs","Abacavir/Lamivudine 60/30mg, tablets, 30 Tabs",60/30mg,30,6000,290,4,0.13,29.69
"Lamivudine/Nevirapine/Zidovudine 150/200/300mg, tablets, 60 Tabs","Lamivudine/Nevirapine/Zidovudine 150/200/300mg, tablets, 60 Tabs",150/300/200mg,60,75000,See DN-3366 (ID#:82612),8.58,0.14,796.01
"Efavirenz/Lamivudine/Tenofovir Disoproxil Fumarate 600/300/300mg, tablets, 30 Tabs","Efavirenz/Lamivudine/Tenofovir Disoproxil Fumarate 600/300/300mg, tablets, 30 Tabs",600/300/300mg,30,70000,21510,11.15,0.37,965.48
"Lamivudine/Nevirapine/Zidovudine 150/200/300mg, tablets, 60 Tabs","Lamivudine/Nevirapine/Zidovudine 150/200/300mg, tablets, 60 Tabs",150/300/200mg,60,12000,1749,8.58,0.14,127.36
"Lopinavir/Ritonavir 200/50mg, tablets, 120 Tabs","Lopinavir/Ritonavir 200/50mg, tablets, 120 Tabs",200/50mg,120,228,See DN-3371 (ID#:83174),21,0.18,5.92
"Efavirenz 600mg, tablets, 30 Tabs","Efavirenz 600mg, tablets, 30 Tabs",600mg,30,32000,See DN-3376 (ID#:83175),3.33,0.11,131.81
"Lamivudine/Nevirapine/Zidovudine 30/50/60mg, dispersible tablets, 60 Tabs","Lamivudine/Nevirapine/Zidovudine 30/50/60mg, dispersible tablets, 60 Tabs",30/50/60mg,60,4637,426,3.89,0.06,18.54
"Nevirapine 200mg, tablets, 60 Tabs","Nevirapine 200mg, tablets, 60 Tabs",200mg,60,80000,See DN-3413 (ID#:83181),2.31,0.04,228.6
"Lopinavir/Ritonavir 200/50mg [Aluvia], tablets, 120 Tabs","Lopinavir/Ritonavir 200/50mg [Aluvia], tablets, 120 Tabs",200/50mg,120,12960,See DN-3428 (ID#:83186),20.22,0.17,324.16
"Efavirenz/Emtricitabine/Tenofovir Disoproxil Fumarate 600/200/300mg, tablets, 30 Tabs","Efavirenz/Emtricitabine/Tenofovir Disoproxil Fumarate 600/200/300mg, tablets, 30 Tabs",600/200/300mg,30,269030,30923,12.3,0.41,4093.32
"Efavirenz/Lamivudine/Tenofovir Disoproxil Fumarate 600/300/300mg, tablets, 30 Tabs","Efavirenz/Lamivudine/Tenofovir Disoproxil Fumarate 600/300/300mg, tablets, 30 Tabs",600/300/300mg,30,130437,18633,11.15,0.37,1799.06
"Tenofovir Disoproxil Fumarate 300mg, tablets, 30 Tabs","Tenofovir Disoproxil Fumarate 300mg, tablets, 30 Tabs",300mg,30,3859,242,4.04,0.13,19.29
"Lamivudine/Nevirapine/Zidovudine 30/50/60mg, dispersible tablets, 60 Tabs","Lamivudine/Nevirapine/Zidovudine 30/50/60mg, dispersible tablets, 60 Tabs",30/50/60mg,60,4200,180,3.89,0.06,20.21
"Efavirenz 200mg, scored tablets, 90 Tabs","Efavirenz 200mg, scored tablets, 90 Tabs",200mg,90,5687,See DN-3458 (ID#:83196),9.3,0.1,65.42
"Lamivudine/Nevirapine/Zidovudine 150/200/300mg, tablets, 60 Tabs","Lamivudine/Nevirapine/Zidovudine 150/200/300mg, tablets, 60 Tabs",150/300/200mg,60,59674,6959,8.58,0.14,633.35
"Abacavir/Lamivudine 600/300mg, scored tablets, 30 Tabs","Abacavir/Lamivudine 600/300mg, scored tablets, 30 Tabs",600/300mg,30,4837,1102,13.52,0.45,80.9
"Lopinavir/Ritonavir 200/50mg [Aluvia], tablets, 120 Tabs","Lopinavir/Ritonavir 200/50mg [Aluvia], tablets, 120 Tabs",200/50mg,120,40435,9966,20.22,0.17,1011.37
"Lamivudine/Nevirapine/Zidovudine 150/200/300mg, tablets, 60 Tabs","Lamivudine/Nevirapine/Zidovudine 150/200/300mg, tablets, 60 Tabs",150/300/200mg,60,142000,See DN-3476 (ID#:83198),8.58,0.14,1507.11
"Efavirenz/Lamivudine/Tenofovir Disoproxil Fumarate 600/300/300mg, tablets, 30 Tabs","Efavirenz/Lamivudine/Tenofovir Disoproxil Fumarate 600/300/300mg, tablets, 30 Tabs",600/300/300mg,30,83000,10998,11.15,0.37,1144.78
"Efavirenz/Lamivudine/Tenofovir Disoproxil Fumarate 600/300/300mg, tablets, 30 Tabs","Efavirenz/Lamivudine/Tenofovir Disoproxil Fumarate 600/300/300mg, tablets, 30 Tabs",600/300/300mg,30,66054,See DN-3483 (ID#:82633),11.15,0.37,911.05
"Lamivudine/Zidovudine 150/300mg, tablets, 60 Tabs","Lamivudine/Zidovudine 150/300mg, tablets, 60 Tabs",150/300mg,60,8600,770,6.73,0.11,71.6
"Emtricitabine/Tenofovir Disoproxil Fumarate 200/300mg, tablets, 30 Tabs","Emtricitabine/Tenofovir Disoproxil Fumarate 200/300mg, tablets, 30 Tabs",200/300mg,30,40000,7393,5.87,0.2,290.45
"Lamivudine/Nevirapine/Zidovudine 150/200/300mg, tablets, 60 Tabs","Lamivudine/Nevirapine/Zidovudine 150/200/300mg, tablets, 60 Tabs",150/300/200mg,60,145400,10673,8.58,0.14,1543.2
"Abacavir/Lamivudine 60/30mg, tablets, 60 Tabs","Abacavir/Lamivudine 60/30mg, tablets, 60 Tabs",60/30mg,60,2085,699,4,0.07,10.32
"Lamivudine/Zidovudine 30/60mg, tablets, 60 Tabs","Lamivudine/Zidovudine 30/60mg, tablets, 60 Tabs",30/60mg,60,15000,Weight Captured Separately,2.15,0.04,39.89
"Tenofovir Disoproxil Fumarate 300mg, tablets, 30 Tabs","Tenofovir Disoproxil Fumarate 300mg, tablets, 30 Tabs",300mg,30,4641,285,4.04,0.13,23.19
"Lamivudine/Nevirapine/Zidovudine 150/200/300mg, tablets, 60 Tabs","Lamivudine/Nevirapine/Zidovudine 150/200/300mg, tablets, 60 Tabs",150/300/200mg,60,41076,5170,8.26,0.14,348.79
"Nevirapine 200mg, tablets, 60 Tabs","Nevirapine 200mg, tablets, 60 Tabs",200mg,60,2100,See DN-3558 (ID#:83766),2.26,0.04,4.88
"Efavirenz 200mg, scored tablets, 90 Tabs","Efavirenz 200mg, scored tablets, 90 Tabs",200mg,90,510,See DN-3561 (ID#:82654),9.3,0.1,4.88
"Efavirenz/Emtricitabine/Tenofovir Disoproxil Fumarate 600/200/300mg, tablets, 30 Tabs","Efavirenz/Emtricitabine/Tenofovir Disoproxil Fumarate 600/200/300mg, tablets, 30 Tabs",600/200/300mg,30,25511,3041,11.89,0.4,375.21
"Efavirenz/Lamivudine/Tenofovir Disoproxil Fumarate 600/300/300mg, tablets, 30 Tabs","Efavirenz/Lamivudine/Tenofovir Disoproxil Fumarate 600/300/300mg, tablets, 30 Tabs",600/300/300mg,30,137189,28696,11.15,0.37,1572.49
"Lamivudine/Nevirapine/Zidovudine 30/50/60mg, dispersible tablets, 60 Tabs","Lamivudine/Nevirapine/Zidovudine 30/50/60mg, dispersible tablets, 60 Tabs",30/50/60mg,60,43460,See DN-3582 (ID#:82656),3.75,0.06,201.6
"Lamivudine 150mg, tablets, 60 Tabs","Lamivudine 150mg, tablets, 60 Tabs",150mg,60,188,See DN-3585 (ID#:83223),1.99,0.03,0.38
"Lopinavir/Ritonavir 200/50mg, tablets, 120 Tabs","Lopinavir/Ritonavir 200/50mg, tablets, 120 Tabs",200/50mg,120,2000,See DN-3586 (ID#:83224),20.48,0.17,42.11
"Lamivudine 10mg/ml, oral solution w/syringe, Bottle, 240 ml","Lamivudine 10mg/ml, oral solution w/syringe, Bottle, 240 ml",10mg/ml,240,4000,2769,1.43,0.01,5.88
"Nevirapine 200mg, tablets, 60 Tabs","Nevirapine 200mg, tablets, 60 Tabs",200mg,60,12965,1243,2.26,0.04,30.12
"Efavirenz/Emtricitabine/Tenofovir Disoproxil Fumarate 600/200/300mg, tablets, 30 Tabs","Efavirenz/Emtricitabine/Tenofovir Disoproxil Fumarate 600/200/300mg, tablets, 30 Tabs",600/200/300mg,30,206508,22895,11.89,0.4,3037.31
"Efavirenz/Lamivudine/Tenofovir Disoproxil Fumarate 600/300/300mg, tablets, 30 Tabs","Efavirenz/Lamivudine/Tenofovir Disoproxil Fumarate 600/300/300mg, tablets, 30 Tabs",600/300/300mg,30,40409,5977,10.87,0.36,543.35
"Zidovudine 300mg, tablets, 60 Tabs","Zidovudine 300mg, tablets, 60 Tabs",300mg,60,1135,282,5.58,0.09,6.51
"Abacavir 300mg, tablets, 60 Tabs","Abacavir 300mg, tablets, 60 Tabs",300mg,60,3386,15942,11.23,0.19,39.09
"Lopinavir/Ritonavir 200/50mg [Aluvia], tablets, 120 Tabs","Lopinavir/Ritonavir 200/50mg [Aluvia], tablets, 120 Tabs",200/50mg,120,10040,See DN-3627 (ID#:83782),18.9,0.16,195.07
"Tenofovir Disoproxil Fumarate 300mg, tablets, 30 Tabs","Tenofovir Disoproxil Fumarate 300mg, tablets, 30 Tabs",300mg,30,4300,See DN-3633 (ID#:82666),3.78,0.13,16.71
"Zidovudine 300mg, tablets, 60 Tabs","Zidovudine 300mg, tablets, 60 Tabs",300mg,60,62,4,5.5,0.09,0.35
"Lamivudine/Nevirapine/Zidovudine 30/50/60mg, dispersible tablets, 60 Tabs","Lamivudine/Nevirapine/Zidovudine 30/50/60mg, dispersible tablets, 60 Tabs",30/50/60mg,60,18800,802,3.75,0.06,87.21
"Lamivudine/Zidovudine 150/300mg, tablets, 60 Tabs","Lamivudine/Zidovudine 150/300mg, tablets, 60 Tabs",150/300mg,60,4000,305,6.6,0.11,27.14
"Lamivudine/Zidovudine 150/300mg, tablets, 60 Tabs","Lamivudine/Zidovudine 150/300mg, tablets, 60 Tabs",150/300mg,60,20000,1777,6.6,0.11,135.7
"Lamivudine/Nevirapine/Zidovudine 30/50/60mg, dispersible tablets, 60 Tabs","Lamivudine/Nevirapine/Zidovudine 30/50/60mg, dispersible tablets, 60 Tabs",30/50/60mg,60,20000,1041,3.75,0.06,77.1
"Lopinavir/Ritonavir 200/50mg [Aluvia], tablets, 120 Tabs","Lopinavir/Ritonavir 200/50mg [Aluvia], tablets, 120 Tabs",200/50mg,120,33171,7355,18.9,0.16,644.49
"Lamivudine/Tenofovir Disoproxil Fumarate 300/300mg, tablets, 30 Tabs","Lamivudine/Tenofovir Disoproxil Fumarate 300/300mg, tablets, 30 Tabs",300/300mg,30,166295,17177,4.64,0.15,793.21
"Efavirenz/Lamivudine/Tenofovir Disoproxil Fumarate 600/300/300mg, tablets, 30 Tabs","Efavirenz/Lamivudine/Tenofovir Disoproxil Fumarate 600/300/300mg, tablets, 30 Tabs",600/300/300mg,30,2880,546,10.78,0.36,31.92
"Lamivudine/Nevirapine/Zidovudine 150/200/300mg, tablets, 60 Tabs","Lamivudine/Nevirapine/Zidovudine 150/200/300mg, tablets, 60 Tabs",150/300/200mg,60,1152,See DN-3712 (ID#:83795),8.11,0.14,9.6
"Nevirapine 200mg, tablets, 60 Tabs","Nevirapine 200mg, tablets, 60 Tabs",200mg,60,450,See DN-3712 (ID#:83795),2.21,0.04,1.02
"Lamivudine/Zidovudine 150/300mg, tablets, 60 Tabs","Lamivudine/Zidovudine 150/300mg, tablets, 60 Tabs",150/300mg,60,790,186,6.52,0.11,6.37
"Lamivudine 10mg/ml, oral solution w/syringe, Bottle, 240 ml","Lamivudine 10mg/ml, oral solution w/syringe, Bottle, 240 ml",10mg/ml,240,507,185,1.85,0.01,1.16
"Lopinavir/Ritonavir 200/50mg [Aluvia], tablets, 120 Tabs","Lopinavir/Ritonavir 200/50mg [Aluvia], tablets, 120 Tabs",200/50mg,120,84,9014,18.9,0.16,1.96
"Lamivudine/Stavudine 150/30mg, tablets, 60 Tabs","Lamivudine/Stavudine 150/30mg, tablets, 60 Tabs",150/30mg,60,5232,414,2.49,0.04,13.39
"Nevirapine 10mg/ml, oral suspension w/syringe, Bottle, 100 ml","Nevirapine 10mg/ml, oral suspension w/syringe, Bottle, 100 ml",10mg/ml,100,45000,9014,1.3,0.01,60.14
"Abacavir/Lamivudine 60/30mg, dispersible tablets, 60 Tabs","Abacavir/Lamivudine 60/30mg, dispersible tablets, 60 Tabs",60/30mg,60,429,39,5.63,0.09,2.48
"Zidovudine 10mg/ml, oral solution w/syringe, Bottle, 240 ml","Zidovudine 10mg/ml, oral solution w/syringe, Bottle, 240 ml",10mg/ml,240,156,100,2.1,0.01,0.34
"Lopinavir/Ritonavir 200/50mg [Aluvia], tablets, 120 Tabs","Lopinavir/Ritonavir 200/50mg [Aluvia], tablets, 120 Tabs",200/50mg,120,49000,11107,18.9,0.16,952.03
"Efavirenz 200mg, scored tablets, 90 Tabs","Efavirenz 200mg, scored tablets, 90 Tabs",200mg,90,2900,5621,8.26,0.09,24.62
"Lamivudine/Nevirapine/Zidovudine 150/200/300mg, tablets, 60 Tabs","Lamivudine/Nevirapine/Zidovudine 150/200/300mg, tablets, 60 Tabs",150/300/200mg,60,63285,See DN-3794 (ID#:82694),8.11,0.14,527.61
"Nevirapine 10mg/ml, oral suspension w/syringe, Bottle, 240 ml","Nevirapine 10mg/ml, oral suspension w/syringe, Bottle, 240 ml",10mg/ml,240,129,253,1.63,0.01,0.22
"Nevirapine 200mg, tablets, 60 Tabs","Nevirapine 200mg, tablets, 60 Tabs",200mg,60,68113,See DN-3825 (ID#:82702),2.18,0.04,152.64
"Abacavir 300mg, tablets, 60 Tabs","Abacavir 300mg, tablets, 60 Tabs",300mg,60,10868,1026,11.23,0.19,125.46
"Nevirapine 10mg/ml, oral suspension w/syringe, Bottle, 100 ml","Nevirapine 10mg/ml, oral suspension w/syringe, Bottle, 100 ml",10mg/ml,100,1330,416,1.3,0.01,1.78
"Nevirapine 10mg/ml, oral suspension w/syringe, Bottle, 240 ml","Nevirapine 10mg/ml, oral suspension w/syringe, Bottle, 240 ml",10mg/ml,240,2125,759,1.63,0.01,3.56
"Efavirenz 200mg, scored tablets, 90 Tabs","Efavirenz 200mg, scored tablets, 90 Tabs",200mg,90,1016,See DN-3842 (ID#:82706),9.3,0.1,9.71
"Lamivudine/Nevirapine/Zidovudine 30/50/60mg, dispersible tablets, 60 Tabs","Lamivudine/Nevirapine/Zidovudine 30/50/60mg, dispersible tablets, 60 Tabs",30/50/60mg,60,2825,See DN-3843 (ID#:82707),3.73,0.06,10.83
"Lamivudine 150mg, tablets, 60 Tabs","Lamivudine 150mg, tablets, 60 Tabs",150mg,60,320,See DN-3844 (ID#:82710),1.74,0.03,0.57
"Tenofovir Disoproxil Fumarate 300mg, tablets, 30 Tabs","Tenofovir Disoproxil Fumarate 300mg, tablets, 30 Tabs",300mg,30,715,44,4.04,0.13,2.97
"Efavirenz 600mg, tablets, 30 Tabs","Efavirenz 600mg, tablets, 30 Tabs",600mg,30,29804,1766,3.21,0.11,134.13
"Lopinavir/Ritonavir 200/50mg, tablets, 120 Tabs","Lopinavir/Ritonavir 200/50mg, tablets, 120 Tabs",200/50mg,120,280,75,19.71,0.16,5.67
"Lopinavir/Ritonavir 200/50mg, tablets, 120 Tabs","Lopinavir/Ritonavir 200/50mg, tablets, 120 Tabs",200/50mg,120,312,80,19.71,0.16,6.32
"Lopinavir/Ritonavir 200/50mg [Aluvia], tablets, 120 Tabs","Lopinavir/Ritonavir 200/50mg [Aluvia], tablets, 120 Tabs",200/50mg,120,12713,2630,18.9,0.16,247
"Lamivudine/Nevirapine/Zidovudine 30/50/60mg, dispersible tablets, 60 Tabs","Lamivudine/Nevirapine/Zidovudine 30/50/60mg, dispersible tablets, 60 Tabs",30/50/60mg,60,11553,516,3.73,0.06,44.3
"Abacavir 300mg, tablets, 60 Tabs","Abacavir 300mg, tablets, 60 Tabs",300mg,60,715,116,11.23,0.19,8.25
"Lamivudine/Zidovudine 30/60mg, dispersible tablets, 60 Tabs","Lamivudine/Zidovudine 30/60mg, dispersible tablets, 60 Tabs",30/60mg,60,20000,1386,2,0.03,41.12
"Lamivudine/Nevirapine/Zidovudine 30/50/60mg, dispersible tablets, 60 Tabs","Lamivudine/Nevirapine/Zidovudine 30/50/60mg, dispersible tablets, 60 Tabs",30/50/60mg,60,18317,581,3.89,0.06,88.14
"Lamivudine/Nevirapine/Zidovudine 30/50/60mg, dispersible tablets, 60 Tabs","Lamivudine/Nevirapine/Zidovudine 30/50/60mg, dispersible tablets, 60 Tabs",30/50/60mg,60,31153,1739,3.75,0.06,120.09
"Abacavir/Lamivudine 60/30mg, tablets, 60 Tabs","Abacavir/Lamivudine 60/30mg, tablets, 60 Tabs",60/30mg,60,27847,1153,3.95,0.07,113.08
"Lamivudine/Nevirapine/Zidovudine 30/50/60mg, dispersible tablets, 60 Tabs","Lamivudine/Nevirapine/Zidovudine 30/50/60mg, dispersible tablets, 60 Tabs",30/50/60mg,60,37963,See DN-3972 (ID#:82740),3.6,0.06,140.49
"Abacavir/Lamivudine 600/300mg, tablets, 30 Tabs","Abacavir/Lamivudine 600/300mg, tablets, 30 Tabs",600/300mg,30,3244,288,13.49,0.45,44.99
"Efavirenz 600mg, tablets, 30 Tabs","Efavirenz 600mg, tablets, 30 Tabs",600mg,30,2660,See DN-3975 (ID#:82748),3.14,0.1,8.59
"Lamivudine/Zidovudine 30/60mg, dispersible tablets, 60 Tabs","Lamivudine/Zidovudine 30/60mg, dispersible tablets, 60 Tabs",30/60mg,60,10893,735,1.99,0.03,22.28
"Nevirapine 200mg, tablets, 60 Tabs","Nevirapine 200mg, tablets, 60 Tabs",200mg,60,49941,See DN-4012 (ID#:82755),2.21,0.04,113.46
"Abacavir 300mg, tablets, 60 Tabs","Abacavir 300mg, tablets, 60 Tabs",300mg,60,7700,See DN-4032 (ID#:82757),11.23,0.19,88.89
"Lopinavir/Ritonavir 200/50mg, tablets, 120 Tabs","Lopinavir/Ritonavir 200/50mg, tablets, 120 Tabs",200/50mg,120,29998,See DN-4032 (ID#:82757),19.38,0.16,597.64
"Efavirenz 600mg, tablets, 30 Tabs","Efavirenz 600mg, tablets, 30 Tabs",600mg,30,950,76,4.6,0.15,9.42
"Efavirenz/Lamivudine/Tenofovir Disoproxil Fumarate 600/300/300mg, tablets, 30 Tabs","Efavirenz/Lamivudine/Tenofovir Disoproxil Fumarate 600/300/300mg, tablets, 30 Tabs",600/300/300mg,30,350000,41041,9.76,0.33,4020.63
"Efavirenz 600mg, tablets, 30 Tabs","Efavirenz 600mg, tablets, 30 Tabs",600mg,30,29996,See DN-4064 (ID#:82765),3.12,0.1,96.21
"Efavirenz 600mg, tablets, 30 Tabs","Efavirenz 600mg, tablets, 30 Tabs",600mg,30,37500,3961,3.21,0.11,123.75
"Lamivudine/Tenofovir Disoproxil Fumarate 300/300mg, tablets, 30 Tabs","Lamivudine/Tenofovir Disoproxil Fumarate 300/300mg, tablets, 30 Tabs",300/300mg,30,14420,1467,4.63,0.15,68.63
"Lamivudine/Zidovudine 30/60mg, dispersible tablets, 60 Tabs","Lamivudine/Zidovudine 30/60mg, dispersible tablets, 60 Tabs",30/60mg,60,14344,1023,1.99,0.03,29.34
"Abacavir 300mg, tablets, 60 Tabs","Abacavir 300mg, tablets, 60 Tabs",300mg,60,2173,4076,11.36,0.19,25.38
"Efavirenz/Lamivudine/Tenofovir Disoproxil Fumarate 600/300/300mg, tablets, 30 Tabs","Efavirenz/Lamivudine/Tenofovir Disoproxil Fumarate 600/300/300mg, tablets, 30 Tabs",600/300/300mg,30,380000,See DN-4096 (ID#:83304),9.76,0.33,3812.65
"Abacavir/Lamivudine 60/30mg, tablets, 60 Tabs","Abacavir/Lamivudine 60/30mg, tablets, 60 Tabs",60/30mg,60,11106,See DN-4101 (ID#:82773),4.09,0.07,46.7
"Efavirenz/Lamivudine/Tenofovir Disoproxil Fumarate 600/300/300mg, tablets, 30 Tabs","Efavirenz/Lamivudine/Tenofovir Disoproxil Fumarate 600/300/300mg, tablets, 30 Tabs",600/300/300mg,30,117112,15735,9.76,0.33,1175.02
"Efavirenz/Lamivudine/Tenofovir Disoproxil Fumarate 600/300/300mg, tablets, 30 Tabs","Efavirenz/Lamivudine/Tenofovir Disoproxil Fumarate 600/300/300mg, tablets, 30 Tabs",600/300/300mg,30,2361,1255,10.25,0.34,28.48
"Nevirapine 200mg, tablets, 60 Tabs","Nevirapine 200mg, tablets, 60 Tabs",200mg,60,10059,632,2.18,0.04,25.81
"Efavirenz 600mg, tablets, 30 Tabs","Efavirenz 600mg, tablets, 30 Tabs",600mg,30,41416,7521,3.21,0.11,136.67
"Abacavir 300mg, tablets, 60 Tabs","Abacavir 300mg, tablets, 60 Tabs",300mg,60,5280,See DN-4115 (ID#:83306),11.23,0.19,60.95
"Lamivudine/Zidovudine 150/300mg, tablets, 60 Tabs","Lamivudine/Zidovudine 150/300mg, tablets, 60 Tabs",150/300mg,60,164867,14794,6.6,0.11,1118.59
"Lamivudine/Nevirapine/Zidovudine 150/200/300mg, tablets, 60 Tabs","Lamivudine/Nevirapine/Zidovudine 150/200/300mg, tablets, 60 Tabs",150/300/200mg,60,42500,6229,7.72,0.13,337.29
"Efavirenz/Lamivudine/Tenofovir Disoproxil Fumarate 600/300/300mg, tablets, 30 Tabs","Efavirenz/Lamivudine/Tenofovir Disoproxil Fumarate 600/300/300mg, tablets, 30 Tabs",600/300/300mg,30,400000,45186,9.76,0.33,4013.31
"Lamivudine/Zidovudine 150/300mg, tablets, 60 Tabs","Lamivudine/Zidovudine 150/300mg, tablets, 60 Tabs",150/300mg,60,100000,8855,6.52,0.11,670.26
"Lamivudine/Nevirapine/Zidovudine 30/50/60mg, dispersible tablets, 60 Tabs","Lamivudine/Nevirapine/Zidovudine 30/50/60mg, dispersible tablets, 60 Tabs",30/50/60mg,60,6384,382,3.6,0.06,23.63
"Efavirenz/Lamivudine/Tenofovir Disoproxil Fumarate 600/300/300mg, tablets, 30 Tabs","Efavirenz/Lamivudine/Tenofovir Disoproxil Fumarate 600/300/300mg, tablets, 30 Tabs",600/300/300mg,30,81589,21668,9.6,0.32,921.89
"Lopinavir/Ritonavir 200/50mg [Aluvia], tablets, 120 Tabs","Lopinavir/Ritonavir 200/50mg [Aluvia], tablets, 120 Tabs",200/50mg,120,320,See DN-4144 (ID#:82781),18.9,0.16,7.12
"Abacavir/Lamivudine 60/30mg, dispersible tablets, 60 Tabs","Abacavir/Lamivudine 60/30mg, dispersible tablets, 60 Tabs",60/30mg,60,24174,See DN-4162 (ID#:82783),5.09,0.08,126.49
"Abacavir/Lamivudine 600/300mg, tablets, 30 Tabs","Abacavir/Lamivudine 600/300mg, tablets, 30 Tabs",600/300mg,30,1087,102,13.15,0.44,14.69
"Lamivudine/Zidovudine 30/60mg, dispersible tablets, 60 Tabs","Lamivudine/Zidovudine 30/60mg, dispersible tablets, 60 Tabs",30/60mg,60,3813,Weight Captured Separately,1.95,0.03,8.75
"Efavirenz/Lamivudine/Tenofovir Disoproxil Fumarate 600/300/300mg, tablets, 30 Tabs","Efavirenz/Lamivudine/Tenofovir Disoproxil Fumarate 600/300/300mg, tablets, 30 Tabs",600/300/300mg,30,619999,90446,9.6,0.32,7005.49
"Efavirenz/Lamivudine/Tenofovir Disoproxil Fumarate 600/300/300mg, tablets, 30 Tabs","Efavirenz/Lamivudine/Tenofovir Disoproxil Fumarate 600/300/300mg, tablets, 30 Tabs",600/300/300mg,30,122449,See DN-4191 (ID#:83900),9.6,0.32,1383.58
"Abacavir/Lamivudine 60/30mg, tablets, 60 Tabs","Abacavir/Lamivudine 60/30mg, tablets, 60 Tabs",60/30mg,60,28524,See DN-4218 (ID#:83326),3.95,0.07,132.61
"Lamivudine/Nevirapine/Zidovudine 30/50/60mg, dispersible tablets, 60 Tabs","Lamivudine/Nevirapine/Zidovudine 30/50/60mg, dispersible tablets, 60 Tabs",30/50/60mg,60,832,Weight Captured Separately,3.6,0.06,3.08
"Lamivudine/Tenofovir Disoproxil Fumarate 300/300mg, tablets, 30 Tabs","Lamivudine/Tenofovir Disoproxil Fumarate 300/300mg, tablets, 30 Tabs",300/300mg,30,120742,See DN-4218 (ID#:83326),4.59,0.15,652.3
"Efavirenz/Lamivudine/Tenofovir Disoproxil Fumarate 600/300/300mg, tablets, 30 Tabs","Efavirenz/Lamivudine/Tenofovir Disoproxil Fumarate 600/300/300mg, tablets, 30 Tabs",600/300/300mg,30,8190,1208,9.6,0.32,92.54
"Lamivudine/Nevirapine/Zidovudine 30/50/60mg, dispersible tablets, 60 Tabs","Lamivudine/Nevirapine/Zidovudine 30/50/60mg, dispersible tablets, 60 Tabs",30/50/60mg,60,15935,13469,3.6,0.06,67.52
"Lamivudine/Tenofovir Disoproxil Fumarate 300/300mg, tablets, 30 Tabs","Lamivudine/Tenofovir Disoproxil Fumarate 300/300mg, tablets, 30 Tabs",300/300mg,30,56994,5358,4.62,0.15,309.92
"Lamivudine/Zidovudine 150/300mg, tablets, 60 Tabs","Lamivudine/Zidovudine 150/300mg, tablets, 60 Tabs",150/300mg,60,45671,4055,6.52,0.11,350.48
"Lamivudine/Nevirapine/Zidovudine 150/200/300mg, tablets, 60 Tabs","Lamivudine/Nevirapine/Zidovudine 150/200/300mg, tablets, 60 Tabs",150/300/200mg,60,131607,See DN-4229 (ID#:83332),7.72,0.13,1044.45
"Efavirenz 600mg, tablets, 30 Tabs","Efavirenz 600mg, tablets, 30 Tabs",600mg,30,14996,33428,3.12,0.1,55.07
"Lamivudine/Nevirapine/Zidovudine 150/200/300mg, tablets, 60 Tabs","Lamivudine/Nevirapine/Zidovudine 150/200/300mg, tablets, 60 Tabs",150/300/200mg,60,70971,Weight Captured Separately,7.72,0.13,644.87
"Abacavir/Lamivudine 600/300mg, tablets, 30 Tabs","Abacavir/Lamivudine 600/300mg, tablets, 30 Tabs",600/300mg,30,820,See DN-4285 (ID#:82806),13.15,0.44,12.69
"Efavirenz/Lamivudine/Tenofovir Disoproxil Fumarate 600/300/300mg, tablets, 30 Tabs","Efavirenz/Lamivudine/Tenofovir Disoproxil Fumarate 600/300/300mg, tablets, 30 Tabs",600/300/300mg,30,56400,Weight Captured Separately,9.6,0.32,637.27
"Lopinavir/Ritonavir 200/50mg [Aluvia], tablets, 120 Tabs","Lopinavir/Ritonavir 200/50mg [Aluvia], tablets, 120 Tabs",200/50mg,120,100,21,18.64,0.16,2.19
"Lopinavir/Ritonavir 200/50mg, tablets, 120 Tabs","Lopinavir/Ritonavir 200/50mg, tablets, 120 Tabs",200/50mg,120,240,58,19.36,0.16,5.47
"Abacavir/Lamivudine 60/30mg, dispersible tablets, 60 Tabs","Abacavir/Lamivudine 60/30mg, dispersible tablets, 60 Tabs",60/30mg,60,11584,1043,5.09,0.08,60.61
"Lamivudine/Tenofovir Disoproxil Fumarate 300/300mg, tablets, 30 Tabs","Lamivudine/Tenofovir Disoproxil Fumarate 300/300mg, tablets, 30 Tabs",300/300mg,30,55851,6183,4.59,0.15,301.73
"Lamivudine/Zidovudine 30/60mg, dispersible tablets, 60 Tabs","Lamivudine/Zidovudine 30/60mg, dispersible tablets, 60 Tabs",30/60mg,60,21000,25880,1.99,0.03,49.19
"Lamivudine/Tenofovir Disoproxil Fumarate 300/300mg, tablets, 30 Tabs","Lamivudine/Tenofovir Disoproxil Fumarate 300/300mg, tablets, 30 Tabs",300/300mg,30,6750,4426,4.62,0.15,36.7
"Lopinavir/Ritonavir 200/50mg, tablets, 120 Tabs","Lopinavir/Ritonavir 200/50mg, tablets, 120 Tabs",200/50mg,120,12000,2912,19.36,0.16,273.44
"Abacavir 300mg, tablets, 60 Tabs","Abacavir 300mg, tablets, 60 Tabs",300mg,60,19099,9459,11.09,0.18,217.74
"Nevirapine 200mg, tablets, 60 Tabs","Nevirapine 200mg, tablets, 60 Tabs",200mg,60,61154,7957,2.18,0.04,137.05
"Efavirenz 200mg, scored tablets, 90 Tabs","Efavirenz 200mg, scored tablets, 90 Tabs",200mg,90,1482,90,9.3,0.1,16.22
"Abacavir/Lamivudine 600/300mg, tablets, 30 Tabs","Abacavir/Lamivudine 600/300mg, tablets, 30 Tabs",600/300mg,30,5025,Weight Captured Separately,13.11,0.44,77.54
"Lamivudine/Nevirapine/Zidovudine 30/50/60mg, dispersible tablets, 60 Tabs","Lamivudine/Nevirapine/Zidovudine 30/50/60mg, dispersible tablets, 60 Tabs",30/50/60mg,60,3408,Weight Captured Separately,3.55,0.06,14.24
"Lamivudine/Zidovudine 150/300mg, tablets, 60 Tabs","Lamivudine/Zidovudine 150/300mg, tablets, 60 Tabs",150/300mg,60,214,See DN-1311 (ID#:82837),8.76,0.15,3.67
"Lamivudine 10mg/ml, oral solution, Bottle, 240 ml","Lamivudine 10mg/ml, oral solution, Bottle, 240 ml",10mg/ml,240,75,See DN-1311 (ID#:82837),1.9,0.01,0.28
"Efavirenz 200mg, capsule, 90 Caps","Efavirenz 200mg, capsule, 90 Caps",200mg,90,24,See DN-1452 (ID#:82272),12.12,0.13,0.57
"Lamivudine/Nevirapine/Stavudine 150/200/30mg, tablets, 60 Tabs","Lamivudine/Nevirapine/Stavudine 150/200/30mg, tablets, 60 Tabs",150/200/30mg,60,63,See DN-1452 (ID#:82272),7,0.12,0.86
"Stavudine 30mg, capsules, 60 Caps","Stavudine 30mg, capsules, 60 Caps",30mg,60,4050,See DN-1493 (ID#:83374),1.46,0.02,11.59
"Zidovudine 300mg, tablets, 60 Tabs","Zidovudine 300mg, tablets, 60 Tabs",300mg,60,8383,See DN-1493 (ID#:83374),7.53,0.13,123.72
"Zidovudine 300mg, tablets, 60 Tabs","Zidovudine 300mg, tablets, 60 Tabs",300mg,60,16566,921,7.71,0.13,250.34
"Efavirenz 600mg, tablets, 30 Tabs","Efavirenz 600mg, tablets, 30 Tabs",600mg,30,4000,See DN-1500 (ID#:82274),5.78,0.19,45.32
"Lamivudine/Stavudine 150/30mg, tablets, 60 Tabs","Lamivudine/Stavudine 150/30mg, tablets, 60 Tabs",150/30mg,60,4000,See DN-1500 (ID#:82274),4,0.07,31.36
"Lamivudine 150mg, tablets, 60 Tabs","Lamivudine 150mg, tablets, 60 Tabs",150mg,60,10167,487,2.44,0.04,53.48
"Efavirenz 600mg, tablets, 30 Tabs","Efavirenz 600mg, tablets, 30 Tabs",600mg,30,61059,4305,5.78,0.19,691.73
"Efavirenz 600mg, tablets, 30 Tabs","Efavirenz 600mg, tablets, 30 Tabs",600mg,30,200,22,5.78,0.19,2.27
"Zidovudine 100mg, capsules, 100 Caps","Zidovudine 100mg, capsules, 100 Caps",100mg,100,2352,3189,5,0.05,23.05
"Didanosine 200mg, chewable/dispersible tablets, 60 Tabs","Didanosine 200mg, chewable/dispersible tablets, 60 Tabs",200mg,60,1833,378,15.5,0.26,55.69
"Abacavir 300mg, tablets, 60 Tabs","Abacavir 300mg, tablets, 60 Tabs",300mg,60,2590,257,21.42,0.36,108.74
"Stavudine 20mg, capsules, 60 Caps","Stavudine 20mg, capsules, 60 Caps",20mg,60,108,1857,1.67,0.03,0.39
"Zidovudine 300mg, tablets, 60 Tabs","Zidovudine 300mg, tablets, 60 Tabs",300mg,60,990,109,7.53,0.13,16.07
"Lamivudine 150mg, tablets, 60 Tabs","Lamivudine 150mg, tablets, 60 Tabs",150mg,60,16539,796,2.44,0.04,79.1
"Lamivudine/Zidovudine 150/300mg, tablets, 60 Tabs","Lamivudine/Zidovudine 150/300mg, tablets, 60 Tabs",150/300mg,60,3350,See DN-1541 (ID#:82846),8.76,0.15,57.52
"Lamivudine/Nevirapine/Zidovudine 150/200/300mg, tablets, 60 Tabs","Lamivudine/Nevirapine/Zidovudine 150/200/300mg, tablets, 60 Tabs",150/300/200mg,60,28000,3239,11.35,0.19,622.89
"Nevirapine 200mg, tablets, 60 Tabs","Nevirapine 200mg, tablets, 60 Tabs",200mg,60,29683,3254,2.9,0.05,168.72
"Stavudine 30mg, capsules, 60 Caps","Stavudine 30mg, capsules, 60 Caps",30mg,60,100,7,1.46,0.02,0.31
"Lamivudine/Zidovudine 150/300mg, tablets, 60 Tabs","Lamivudine/Zidovudine 150/300mg, tablets, 60 Tabs",150/300mg,60,6384,579,8.76,0.15,120.57
"Efavirenz 600mg, tablets, 30 Tabs","Efavirenz 600mg, tablets, 30 Tabs",600mg,30,13577,See DN-1605 (ID#:82284),5.78,0.19,169.19
"Lamivudine/Zidovudine 150/300mg, tablets, 60 Tabs","Lamivudine/Zidovudine 150/300mg, tablets, 60 Tabs",150/300mg,60,16019,1454,8.76,0.15,302.54
"Efavirenz 600mg, tablets, 30 Tabs","Efavirenz 600mg, tablets, 30 Tabs",600mg,30,8676,4845,5.78,0.19,98.29
"Lamivudine/Zidovudine 150/300mg, tablets, 60 Tabs","Lamivudine/Zidovudine 150/300mg, tablets, 60 Tabs",150/300mg,60,380,67,8.76,0.15,7.18
"Nevirapine 200mg, tablets, 60 Tabs","Nevirapine 200mg, tablets, 60 Tabs",200mg,60,4319,409,2.73,0.05,23.11
"Lamivudine/Nevirapine/Stavudine 150/200/30mg, tablets, 60 Tabs","Lamivudine/Nevirapine/Stavudine 150/200/30mg, tablets, 60 Tabs",150/200/30mg,60,20602,See DN-1643 (ID#:82293),6.47,0.11,261.26
"Nevirapine 200mg, tablets, 60 Tabs","Nevirapine 200mg, tablets, 60 Tabs",200mg,60,50000,See DN-1643 (ID#:82293),2.73,0.05,267.54
"Lamivudine/Nevirapine/Stavudine 150/200/30mg, tablets, 60 Tabs","Lamivudine/Nevirapine/Stavudine 150/200/30mg, tablets, 60 Tabs",150/200/30mg,60,1541,See DN-1643 (ID#:82293),6.47,0.11,19.54
"Lamivudine/Stavudine 150/30mg, tablets, 60 Tabs","Lamivudine/Stavudine 150/30mg, tablets, 60 Tabs",150/30mg,60,4000,632,3.4,0.06,26.66
"Efavirenz 200mg, capsule, 90 Caps","Efavirenz 200mg, capsule, 90 Caps",200mg,90,2066,1560,10.07,0.11,40.78
"Stavudine 15mg, capsules, 60 Caps","Stavudine 15mg, capsules, 60 Caps",15mg,60,84,See DN-1667 (ID#:82861),1.5,0.02,0.27
"Nevirapine 200mg, tablets, 60 Tabs","Nevirapine 200mg, tablets, 60 Tabs",200mg,60,11500,1870,2.73,0.05,67.69
"Lamivudine 10mg/ml, oral solution, Bottle, 240 ml","Lamivudine 10mg/ml, oral solution, Bottle, 240 ml",10mg/ml,240,3136,See DN-1673 (ID#:83983),1.9,0.01,12.85
"Efavirenz 600mg, tablets, 30 Tabs","Efavirenz 600mg, tablets, 30 Tabs",600mg,30,5000,456,5.13,0.17,55.3
"Efavirenz 200mg, capsule, 90 Caps","Efavirenz 200mg, capsule, 90 Caps",200mg,90,769,93,10.07,0.11,15.18
"Lamivudine/Zidovudine 150/300mg, tablets, 60 Tabs","Lamivudine/Zidovudine 150/300mg, tablets, 60 Tabs",150/300mg,60,5000,452,8.76,0.15,94.43
"Lamivudine/Nevirapine/Zidovudine 150/200/300mg, tablets, 60 Tabs","Lamivudine/Nevirapine/Zidovudine 150/200/300mg, tablets, 60 Tabs",150/300/200mg,60,100000,11725,11.22,0.19,2419.03
"Lamivudine/Nevirapine/Zidovudine 150/200/300mg, tablets, 60 Tabs","Lamivudine/Nevirapine/Zidovudine 150/200/300mg, tablets, 60 Tabs",150/300/200mg,60,20518,2407,11.22,0.19,496.34
"Lamivudine/Tenofovir Disoproxil Fumarate 300/300mg, tablets, 30 Tabs","Lamivudine/Tenofovir Disoproxil Fumarate 300/300mg, tablets, 30 Tabs",300/300mg,30,40148,3312,10,0.33,865.59
"Zidovudine 300mg, tablets, 60 Tabs","Zidovudine 300mg, tablets, 60 Tabs",300mg,60,905,47,7.5,0.12,14.63
"Lamivudine/Zidovudine 150/300mg, tablets, 60 Tabs","Lamivudine/Zidovudine 150/300mg, tablets, 60 Tabs",150/300mg,60,4200,275,8.76,0.15,79.32
"Zidovudine 300mg, tablets, 60 Tabs","Zidovudine 300mg, tablets, 60 Tabs",300mg,60,90,4,7.5,0.12,1.46
"Lamivudine/Nevirapine/Zidovudine 150/200/300mg, tablets, 60 Tabs","Lamivudine/Nevirapine/Zidovudine 150/200/300mg, tablets, 60 Tabs",150/300/200mg,60,25000,2930,11.22,0.19,604.76
"Efavirenz 600mg, tablets, 30 Tabs","Efavirenz 600mg, tablets, 30 Tabs",600mg,30,210,19,4.75,0.16,2.15
"Zidovudine 300mg, tablets, 60 Tabs","Zidovudine 300mg, tablets, 60 Tabs",300mg,60,9924,544,7.5,0.12,160.47
"Zidovudine 100mg, capsules, 100 Caps","Zidovudine 100mg, capsules, 100 Caps",100mg,100,564,See DN-1800 (ID#:83422),4.84,0.05,5.89
"Efavirenz/Emtricitabine/Tenofovir Disoproxil Fumarate 600/200/300mg, tablets, 30 Tabs","Efavirenz/Emtricitabine/Tenofovir Disoproxil Fumarate 600/200/300mg, tablets, 30 Tabs",600/200/300mg,30,1590,174,19.92,0.66,68.29
"Nevirapine 200mg, tablets, 60 Tabs","Nevirapine 200mg, tablets, 60 Tabs",200mg,60,46001,2526,2.66,0.04,263.81
"Lamivudine/Zidovudine 150/300mg, tablets, 60 Tabs","Lamivudine/Zidovudine 150/300mg, tablets, 60 Tabs",150/300mg,60,27440,2475,8.76,0.15,471.13
"Lamivudine/Nevirapine/Stavudine 150/200/30mg, tablets, 60 Tabs","Lamivudine/Nevirapine/Stavudine 150/200/30mg, tablets, 60 Tabs",150/200/30mg,60,298,31,5.85,0.1,3.76
"Didanosine 200mg, chewable/dispersible tablets, 60 Tabs","Didanosine 200mg, chewable/dispersible tablets, 60 Tabs",200mg,60,632,134,15.5,0.26,21.12
"Lamivudine/Nevirapine/Zidovudine 150/200/300mg, tablets, 60 Tabs","Lamivudine/Nevirapine/Zidovudine 150/200/300mg, tablets, 60 Tabs",150/300/200mg,60,46000,See DN-1832 (ID#:82321),11.22,0.19,1112.75
"Lamivudine/Nevirapine/Stavudine 150/200/30mg, tablets, 60 Tabs","Lamivudine/Nevirapine/Stavudine 150/200/30mg, tablets, 60 Tabs",150/200/30mg,60,7800,580,6.11,0.1,102.75
"Efavirenz 600mg, tablets, 30 Tabs","Efavirenz 600mg, tablets, 30 Tabs",600mg,30,5900,509,4.75,0.16,60.42
"Lamivudine/Nevirapine/Zidovudine 150/200/300mg, tablets, 60 Tabs","Lamivudine/Nevirapine/Zidovudine 150/200/300mg, tablets, 60 Tabs",150/300/200mg,60,4782,617,11.22,0.19,115.68
"Lamivudine 10mg/ml, oral solution, Bottle, 240 ml","Lamivudine 10mg/ml, oral solution, Bottle, 240 ml",10mg/ml,240,3168,1765,2,0.01,13.66
"Emtricitabine/Tenofovir Disoproxil Fumarate 200/300mg, tablets, 30 Tabs","Emtricitabine/Tenofovir Disoproxil Fumarate 200/300mg, tablets, 30 Tabs",200/300mg,30,2797,210,11.75,0.39,70.86
"Lamivudine 150mg, tablets, 60 Tabs","Lamivudine 150mg, tablets, 60 Tabs",150mg,60,20000,955,2.33,0.04,100.47
"Lamivudine/Nevirapine/Zidovudine 150/200/300mg, tablets, 60 Tabs","Lamivudine/Nevirapine/Zidovudine 150/200/300mg, tablets, 60 Tabs",150/300/200mg,60,5869,758,11.22,0.19,141.97
"Efavirenz 600mg, tablets, 30 Tabs","Efavirenz 600mg, tablets, 30 Tabs",600mg,30,100000,See DN-1875 (ID#:82330),4.6,0.15,991.76
"Nevirapine 200mg, tablets, 60 Tabs","Nevirapine 200mg, tablets, 60 Tabs",200mg,60,3000,210,2.66,0.04,15.64
"Nevirapine 200mg, tablets, 60 Tabs","Nevirapine 200mg, tablets, 60 Tabs",200mg,60,46678,4490,2.73,0.05,274.74
"Efavirenz 600mg, tablets, 30 Tabs","Efavirenz 600mg, tablets, 30 Tabs",600mg,30,28500,2442,4.6,0.15,282.65
"Efavirenz 600mg, tablets, 30 Tabs","Efavirenz 600mg, tablets, 30 Tabs",600mg,30,804,68,4.6,0.15,7.97
"Zidovudine 300mg, tablets, 60 Tabs","Zidovudine 300mg, tablets, 60 Tabs",300mg,60,200,11,7.5,0.12,3.23
"Efavirenz 200mg, capsule, 90 Caps","Efavirenz 200mg, capsule, 90 Caps",200mg,90,500,60,9.71,0.11,10.47
"Abacavir 300mg, tablets, 60 Tabs","Abacavir 300mg, tablets, 60 Tabs",300mg,60,23358,2344,17.14,0.29,863.17
"Lamivudine/Zidovudine 150/300mg, tablets, 60 Tabs","Lamivudine/Zidovudine 150/300mg, tablets, 60 Tabs",150/300mg,60,23856,1918,8.76,0.15,450.56
"Lamivudine/Zidovudine 150/300mg, tablets, 60 Tabs","Lamivudine/Zidovudine 150/300mg, tablets, 60 Tabs",150/300mg,60,4674,376,8.76,0.15,88.28
"Nevirapine 200mg, tablets, 60 Tabs","Nevirapine 200mg, tablets, 60 Tabs",200mg,60,38500,2695,2.73,0.05,226.61
"Lamivudine/Stavudine 150/30mg, tablets, 60 Tabs","Lamivudine/Stavudine 150/30mg, tablets, 60 Tabs",150/30mg,60,5900,See DN-1948 (ID#:82906),3.28,0.05,41.72
"Zidovudine 300mg, tablets, 60 Tabs","Zidovudine 300mg, tablets, 60 Tabs",300mg,60,5880,See DN-1948 (ID#:82906),7.21,0.12,91.4
"Lamivudine/Zidovudine 150/300mg, tablets, 60 Tabs","Lamivudine/Zidovudine 150/300mg, tablets, 60 Tabs",150/300mg,60,560,See DN-1948 (ID#:82906),8.76,0.15,10.58
"Lamivudine/Nevirapine/Stavudine 150/200/30mg, tablets, 60 Tabs","Lamivudine/Nevirapine/Stavudine 150/200/30mg, tablets, 60 Tabs",150/200/30mg,60,29315,3931,5.73,0.1,362.15
"Lamivudine/Nevirapine/Zidovudine 150/200/300mg, tablets, 60 Tabs","Lamivudine/Nevirapine/Zidovudine 150/200/300mg, tablets, 60 Tabs",150/300/200mg,60,28868,3570,11.22,0.19,698.33
"Zidovudine 300mg, tablets, 60 Tabs","Zidovudine 300mg, tablets, 60 Tabs",300mg,60,2280,123,7.21,0.12,35.44
"Emtricitabine/Tenofovir Disoproxil Fumarate 200/300mg, tablets, 30 Tabs","Emtricitabine/Tenofovir Disoproxil Fumarate 200/300mg, tablets, 30 Tabs",200/300mg,30,30000,2700,11.75,0.39,759.99
"Lamivudine/Nevirapine/Zidovudine 150/200/300mg, tablets, 60 Tabs","Lamivudine/Nevirapine/Zidovudine 150/200/300mg, tablets, 60 Tabs",150/300/200mg,60,54125,7050,11.22,0.19,1309.3
"Zidovudine 300mg, tablets, 60 Tabs","Zidovudine 300mg, tablets, 60 Tabs",300mg,60,5000,196,7.21,0.12,77.72
"Efavirenz 50mg, capsule, 30 Caps","Efavirenz 50mg, capsule, 30 Caps",50mg,30,2436,See DN-1984 (ID#:83453),2.24,0.07,11.76
"Lamivudine/Nevirapine/Zidovudine 150/200/300mg, tablets, 60 Tabs","Lamivudine/Nevirapine/Zidovudine 150/200/300mg, tablets, 60 Tabs",150/300/200mg,60,9000,See DN-1985 (ID#:82911),11.22,0.19,217.71
"Nevirapine 200mg, tablets, 60 Tabs","Nevirapine 200mg, tablets, 60 Tabs",200mg,60,13104,1448,2.73,0.05,77.13
"Nevirapine 200mg, tablets, 60 Tabs","Nevirapine 200mg, tablets, 60 Tabs",200mg,60,34801,3951,2.73,0.05,204.83
"Efavirenz 600mg, tablets, 30 Tabs","Efavirenz 600mg, tablets, 30 Tabs",600mg,30,15331,4729,4.45,0.15,147.09
"Nevirapine 200mg, tablets, 60 Tabs","Nevirapine 200mg, tablets, 60 Tabs",200mg,60,7925,18041,2.66,0.04,45.45
"Nevirapine 200mg, tablets, 60 Tabs","Nevirapine 200mg, tablets, 60 Tabs",200mg,60,12100,See DN-2012 (ID#:84040),2.66,0.04,69.39
"Nevirapine 200mg, tablets, 60 Tabs","Nevirapine 200mg, tablets, 60 Tabs",200mg,60,27900,See DN-2015 (ID#:82917),2.66,0.04,160.01
"Zidovudine 300mg, tablets, 60 Tabs","Zidovudine 300mg, tablets, 60 Tabs",300mg,60,1002,See DN-2016 (ID#:82351),7.21,0.12,15.58
"Efavirenz 200mg, capsule, 90 Caps","Efavirenz 200mg, capsule, 90 Caps",200mg,90,230,See DN-2017 (ID#:82918),9.71,0.11,4.81
"Lamivudine/Nevirapine/Stavudine 150/200/30mg, tablets, 60 Tabs","Lamivudine/Nevirapine/Stavudine 150/200/30mg, tablets, 60 Tabs",150/200/30mg,60,112100,See DN-2019 (ID#:82919),5.73,0.1,1384.87
"Lopinavir/Ritonavir 200/50mg, tablets, 120 Tabs","Lopinavir/Ritonavir 200/50mg, tablets, 120 Tabs",200/50mg,120,140,34,38.75,0.32,11.7
"Efavirenz 600mg, tablets, 30 Tabs","Efavirenz 600mg, tablets, 30 Tabs",600mg,30,27304,13087,4.34,0.14,255.48
"Lamivudine/Nevirapine/Zidovudine 150/200/300mg, tablets, 60 Tabs","Lamivudine/Nevirapine/Zidovudine 150/200/300mg, tablets, 60 Tabs",150/300/200mg,60,31084,See DN-2026 (ID#:84047),11.22,0.19,751.93
"Lamivudine/Nevirapine/Stavudine 150/200/30mg, tablets, 60 Tabs","Lamivudine/Nevirapine/Stavudine 150/200/30mg, tablets, 60 Tabs",150/200/30mg,60,2000,See DN-2025 (ID#:83460),5.73,0.1,24.71
"Lamivudine/Zidovudine 150/300mg, tablets, 60 Tabs","Lamivudine/Zidovudine 150/300mg, tablets, 60 Tabs",150/300mg,60,72023,See DN-2025 (ID#:83460),8.55,0.14,1327.66
"Zidovudine 300mg, tablets, 60 Tabs","Zidovudine 300mg, tablets, 60 Tabs",300mg,60,1660,90,7.21,0.12,25.8
"Lamivudine/Nevirapine/Stavudine 150/200/30mg, tablets, 60 Tabs","Lamivudine/Nevirapine/Stavudine 150/200/30mg, tablets, 60 Tabs",150/200/30mg,60,36562,See DN-2054 (ID#:83465),5.43,0.09,428.03
"Lamivudine/Zidovudine 150/300mg, tablets, 60 Tabs","Lamivudine/Zidovudine 150/300mg, tablets, 60 Tabs",150/300mg,60,36139,7100,8.55,0.14,666.18
"Nevirapine 200mg, tablets, 60 Tabs","Nevirapine 200mg, tablets, 60 Tabs",200mg,60,19767,See DN-2060 (ID#:82927),2.66,0.04,113.36
"Lamivudine/Tenofovir Disoproxil Fumarate 300/300mg, tablets, 30 Tabs","Lamivudine/Tenofovir Disoproxil Fumarate 300/300mg, tablets, 30 Tabs",300/300mg,30,50000,4502,8.82,0.29,950.8
"Nevirapine 200mg, tablets, 60 Tabs","Nevirapine 200mg, tablets, 60 Tabs",200mg,60,3262,190,2.51,0.04,11.48
"Lamivudine/Nevirapine/Zidovudine 150/200/300mg, tablets, 60 Tabs","Lamivudine/Nevirapine/Zidovudine 150/200/300mg, tablets, 60 Tabs",150/300/200mg,60,69202,9299,11.22,0.19,1674.02
"Lamivudine/Stavudine 150/30mg, tablets, 60 Tabs","Lamivudine/Stavudine 150/30mg, tablets, 60 Tabs",150/30mg,60,23448,1804,3.28,0.05,165.82
"Lamivudine 150mg, tablets, 60 Tabs","Lamivudine 150mg, tablets, 60 Tabs",150mg,60,6700,426,2.33,0.04,33.66
"Lamivudine 10mg/ml, oral solution w/syringe, Bottle, 240 ml","Lamivudine 10mg/ml, oral solution w/syringe, Bottle, 240 ml",10mg/ml,240,3660,See DN-2106 (ID#:82933),1.85,0.01,14.6
"Tenofovir Disoproxil Fumarate 300mg, tablets, 30 Tabs","Tenofovir Disoproxil Fumarate 300mg, tablets, 30 Tabs",300mg,30,6020,542,6.57,0.22,65.26
"Emtricitabine/Tenofovir Disoproxil Fumarate 200/300mg, tablets, 30 Tabs","Emtricitabine/Tenofovir Disoproxil Fumarate 200/300mg, tablets, 30 Tabs",200/300mg,30,200000,43128,10.92,0.36,4708.7
"Emtricitabine/Tenofovir Disoproxil Fumarate 200/300mg, tablets, 30 Tabs","Emtricitabine/Tenofovir Disoproxil Fumarate 200/300mg, tablets, 30 Tabs",200/300mg,30,129998,11115,10.92,0.36,3060.61
"Efavirenz 600mg, tablets, 30 Tabs","Efavirenz 600mg, tablets, 30 Tabs",600mg,30,57456,4720,4.45,0.15,551.24
"Lamivudine/Nevirapine/Stavudine 150/200/30mg, tablets, 60 Tabs","Lamivudine/Nevirapine/Stavudine 150/200/30mg, tablets, 60 Tabs",150/200/30mg,60,3355,See DN-2125 (ID#:82941),5.73,0.1,41.45
"Zidovudine 300mg, tablets, 60 Tabs","Zidovudine 300mg, tablets, 60 Tabs",300mg,60,1827,See DN-2129 (ID#:83488),7.21,0.12,21.73
"Lamivudine/Zidovudine 150/300mg, tablets, 60 Tabs","Lamivudine/Zidovudine 150/300mg, tablets, 60 Tabs",150/300mg,60,40752,See DN-2137 (ID#:83490),8.55,0.14,751.21
"Didanosine 200mg, chewable/dispersible tablets, 60 Tabs","Didanosine 200mg, chewable/dispersible tablets, 60 Tabs",200mg,60,648,138,15.5,0.26,21.65
"Efavirenz 600mg, tablets, 30 Tabs","Efavirenz 600mg, tablets, 30 Tabs",600mg,30,3493,2996,4.22,0.14,24.32
"Abacavir/Lamivudine 600/300mg, scored tablets, 30 Tabs","Abacavir/Lamivudine 600/300mg, scored tablets, 30 Tabs",600/300mg,30,1309,See DN-2153 (ID#:82374),22.5,0.75,48.6
"Lamivudine 10mg/ml, oral solution w/syringe, Bottle, 240 ml","Lamivudine 10mg/ml, oral solution w/syringe, Bottle, 240 ml",10mg/ml,240,1800,718,1.85,0.01,5.49
"Lamivudine/Zidovudine 150/300mg, tablets, 60 Tabs","Lamivudine/Zidovudine 150/300mg, tablets, 60 Tabs",150/300mg,60,20376,See DN-2153 (ID#:82374),8.55,0.14,287.45
"Lamivudine 150mg, tablets, 60 Tabs","Lamivudine 150mg, tablets, 60 Tabs",150mg,60,4050,195,2.33,0.04,15.57
"Efavirenz/Emtricitabine/Tenofovir Disoproxil Fumarate 600/200/300mg, tablets, 30 Tabs","Efavirenz/Emtricitabine/Tenofovir Disoproxil Fumarate 600/200/300mg, tablets, 30 Tabs",600/200/300mg,30,11280,1264,19.92,0.66,370.75
"Lamivudine/Nevirapine/Stavudine 150/200/30mg, tablets, 60 Tabs","Lamivudine/Nevirapine/Stavudine 150/200/30mg, tablets, 60 Tabs",150/200/30mg,60,2000,209,5.56,0.09,18.35
"Emtricitabine/Tenofovir Disoproxil Fumarate 200/300mg, tablets, 30 Tabs","Emtricitabine/Tenofovir Disoproxil Fumarate 200/300mg, tablets, 30 Tabs",200/300mg,30,60756,5481,10.54,0.35,1056.61
"Efavirenz 600mg, tablets, 30 Tabs","Efavirenz 600mg, tablets, 30 Tabs",600mg,30,87744,7194,4.22,0.14,610.96
"Lamivudine 150mg, tablets, 60 Tabs","Lamivudine 150mg, tablets, 60 Tabs",150mg,60,2111,101,2.33,0.04,10.6
"Didanosine 125mg, delayed-release capsules, 30 Caps","Didanosine 125mg, delayed-release capsules, 30 Caps",125mg,30,105,10,8.5,0.28,1.92
"Didanosine 200mg, delayed-release capsules, 30 Caps","Didanosine 200mg, delayed-release capsules, 30 Caps",200mg,30,45,See DN-2178 (ID#:84080),11,0.37,1.07
"Lamivudine 150mg, tablets, 60 Tabs","Lamivudine 150mg, tablets, 60 Tabs",150mg,60,54869,2630,2.33,0.04,210.94
"Lamivudine/Zidovudine 150/300mg, tablets, 60 Tabs","Lamivudine/Zidovudine 150/300mg, tablets, 60 Tabs",150/300mg,60,120000,11057,8.55,0.14,2212.06
"Nevirapine 200mg, tablets, 60 Tabs","Nevirapine 200mg, tablets, 60 Tabs",200mg,60,7946,1168,2.51,0.04,43
"Stavudine 30mg, capsules, 60 Caps","Stavudine 30mg, capsules, 60 Caps",30mg,60,630,485,1.4,0.02,1.46
"Zidovudine 300mg, tablets, 60 Tabs","Zidovudine 300mg, tablets, 60 Tabs",300mg,60,10394,14935,7.02,0.12,157.31
"Tenofovir Disoproxil Fumarate 300mg, tablets, 30 Tabs","Tenofovir Disoproxil Fumarate 300mg, tablets, 30 Tabs",300mg,30,10000,716,6.57,0.22,108.4
"Lamivudine/Stavudine 150/30mg, tablets, 60 Tabs","Lamivudine/Stavudine 150/30mg, tablets, 60 Tabs",150/30mg,60,4669,See DN-2205 (ID#:82950),3.2,0.05,32.21
"Nevirapine 200mg, tablets, 60 Tabs","Nevirapine 200mg, tablets, 60 Tabs",200mg,60,42371,5262,2.58,0.04,180.37
"Lamivudine 150mg, tablets, 60 Tabs","Lamivudine 150mg, tablets, 60 Tabs",150mg,60,3173,170,2.33,0.04,12.2
"Nevirapine 200mg, tablets, 60 Tabs","Nevirapine 200mg, tablets, 60 Tabs",200mg,60,15508,1107,2.51,0.04,64.23
"Lamivudine 150mg, tablets, 60 Tabs","Lamivudine 150mg, tablets, 60 Tabs",150mg,60,514,25,2.33,0.04,1.98
"Nevirapine 200mg, tablets, 60 Tabs","Nevirapine 200mg, tablets, 60 Tabs",200mg,60,112000,6449,2.51,0.04,606.09
"Lamivudine/Nevirapine/Stavudine 150/200/30mg, tablets, 60 Tabs","Lamivudine/Nevirapine/Stavudine 150/200/30mg, tablets, 60 Tabs",150/200/30mg,60,14770,2192,5.38,0.09,131.11
"Lamivudine/Stavudine 150/30mg, tablets, 60 Tabs","Lamivudine/Stavudine 150/30mg, tablets, 60 Tabs",150/30mg,60,8800,See DN-2252 (ID#:84095),3.2,0.05,46.46
"Nevirapine 200mg, tablets, 60 Tabs","Nevirapine 200mg, tablets, 60 Tabs",200mg,60,38040,2269,2.51,0.04,157.54
"Stavudine 15mg, capsules, 60 Caps","Stavudine 15mg, capsules, 60 Caps",15mg,60,168,See DN-2263 (ID#:82959),1.32,0.02,0.37
"Lamivudine/Nevirapine/Zidovudine 150/200/300mg, tablets, 60 Tabs","Lamivudine/Nevirapine/Zidovudine 150/200/300mg, tablets, 60 Tabs",150/300/200mg,60,135900,See DN-2268 (ID#:82960),11.22,0.19,2515.92
"Lamivudine/Nevirapine/Stavudine 150/200/30mg, tablets, 60 Tabs","Lamivudine/Nevirapine/Stavudine 150/200/30mg, tablets, 60 Tabs",150/200/30mg,60,36997,See DN-2282 (ID#:82389),5.38,0.09,429.14
"Didanosine 200mg, chewable/dispersible tablets, 60 Tabs","Didanosine 200mg, chewable/dispersible tablets, 60 Tabs",200mg,60,180,38,15,0.25,4.46
"Abacavir/Lamivudine 600/300mg, scored tablets, 30 Tabs","Abacavir/Lamivudine 600/300mg, scored tablets, 30 Tabs",600/300mg,30,1571,151,22.5,0.75,58.32
"Lamivudine/Zidovudine 150/300mg, tablets, 60 Tabs","Lamivudine/Zidovudine 150/300mg, tablets, 60 Tabs",150/300mg,60,30000,See DN-2310 (ID#:82968),8.55,0.14,423.22
"Nevirapine 200mg, tablets, 60 Tabs","Nevirapine 200mg, tablets, 60 Tabs",200mg,60,89037,See DN-2322 (ID#:82973),2.51,0.04,368.75
"Efavirenz 600mg, tablets, 30 Tabs","Efavirenz 600mg, tablets, 30 Tabs",600mg,30,19242,See DN-2325 (ID#:82975),4.22,0.14,133.98
"Efavirenz 600mg, tablets, 30 Tabs","Efavirenz 600mg, tablets, 30 Tabs",600mg,30,27975,1704,4.52,0.15,208.64
"Zidovudine 10mg/ml, oral solution w/syringe, Bottle, 240 ml","Zidovudine 10mg/ml, oral solution w/syringe, Bottle, 240 ml",10mg/ml,240,9400,3642,2.02,0.01,31.33
"Zidovudine 10mg/ml, oral solution w/syringe, Bottle, 240 ml","Zidovudine 10mg/ml, oral solution w/syringe, Bottle, 240 ml",10mg/ml,240,385,See DN-2348 (ID#:82402),2.02,0.01,1.28
"Efavirenz/Emtricitabine/Tenofovir Disoproxil Fumarate 600/200/300mg, tablets, 30 Tabs","Efavirenz/Emtricitabine/Tenofovir Disoproxil Fumarate 600/200/300mg, tablets, 30 Tabs",600/200/300mg,30,13154,1456,19.92,0.66,564.93
"Lamivudine/Nevirapine/Zidovudine 150/200/300mg, tablets, 60 Tabs","Lamivudine/Nevirapine/Zidovudine 150/200/300mg, tablets, 60 Tabs",150/300/200mg,60,267671,37993,11.22,0.19,4955.39
"Efavirenz 600mg, tablets, 30 Tabs","Efavirenz 600mg, tablets, 30 Tabs",600mg,30,135158,17285,4.32,0.14,963.41
"Lamivudine/Nevirapine/Zidovudine 150/200/300mg, tablets, 60 Tabs","Lamivudine/Nevirapine/Zidovudine 150/200/300mg, tablets, 60 Tabs",150/300/200mg,60,23861,4502,11.22,0.19,441.74
"Stavudine 30mg, capsules, 60 Caps","Stavudine 30mg, capsules, 60 Caps",30mg,60,3850,230,1.4,0.02,8.89
"Lamivudine/Nevirapine/Zidovudine 150/200/300mg, tablets, 60 Tabs","Lamivudine/Nevirapine/Zidovudine 150/200/300mg, tablets, 60 Tabs",150/300/200mg,60,45000,5961,11.22,0.19,833.08
"Nevirapine 200mg, tablets, 60 Tabs","Nevirapine 200mg, tablets, 60 Tabs",200mg,60,19200,1936,2.51,0.04,79.52
"Stavudine 15mg, capsules, 60 Caps","Stavudine 15mg, capsules, 60 Caps",15mg,60,1512,360,1.32,0.02,3.29
"Nevirapine 200mg, tablets, 60 Tabs","Nevirapine 200mg, tablets, 60 Tabs",200mg,60,108,See DN-2396 (ID#:84117),2.51,0.04,0.45
"Tenofovir Disoproxil Fumarate 300mg, tablets, 30 Tabs","Tenofovir Disoproxil Fumarate 300mg, tablets, 30 Tabs",300mg,30,3520,197,6.42,0.21,37.29
"Efavirenz 600mg, tablets, 30 Tabs","Efavirenz 600mg, tablets, 30 Tabs",600mg,30,10000,1051,4.12,0.14,67.98
"Emtricitabine/Tenofovir Disoproxil Fumarate 200/300mg, tablets, 30 Tabs","Emtricitabine/Tenofovir Disoproxil Fumarate 200/300mg, tablets, 30 Tabs",200/300mg,30,23940,Weight Captured Separately,8.97,0.3,354.32
"Zidovudine 300mg, tablets, 60 Tabs","Zidovudine 300mg, tablets, 60 Tabs",300mg,60,6400,355,7.02,0.12,74.13
"Efavirenz/Emtricitabine/Tenofovir Disoproxil Fumarate 600/200/300mg, tablets, 30 Tabs","Efavirenz/Emtricitabine/Tenofovir Disoproxil Fumarate 600/200/300mg, tablets, 30 Tabs",600/200/300mg,30,80000,Weight Captured Separately,19.92,0.66,2629.44
"Efavirenz/Lamivudine/Tenofovir Disoproxil Fumarate 600/300/300mg, tablets, 30 Tabs","Efavirenz/Lamivudine/Tenofovir Disoproxil Fumarate 600/300/300mg, tablets, 30 Tabs",600/300/300mg,30,20000,2302,17.08,0.57,563.64
"Nevirapine 200mg, tablets, 60 Tabs","Nevirapine 200mg, tablets, 60 Tabs",200mg,60,13023,750,2.58,0.04,55.44
"Nevirapine 10mg/ml, oral suspension w/syringe, Bottle, 240 ml","Nevirapine 10mg/ml, oral suspension w/syringe, Bottle, 240 ml",10mg/ml,240,8000,2987,1.95,0.01,25.74
"Lamivudine/Tenofovir Disoproxil Fumarate 300/300mg, tablets, 30 Tabs","Lamivudine/Tenofovir Disoproxil Fumarate 300/300mg, tablets, 30 Tabs",300/300mg,30,53279,5494,8.23,0.27,723.5
"Nevirapine 200mg, tablets, 60 Tabs","Nevirapine 200mg, tablets, 60 Tabs",200mg,60,200000,19257,2.51,0.04,828.3
"Nevirapine 200mg, tablets, 60 Tabs","Nevirapine 200mg, tablets, 60 Tabs",200mg,60,26,See DN-2492 (ID#:82999),2.58,0.04,0.09
"Nevirapine 200mg, tablets, 60 Tabs","Nevirapine 200mg, tablets, 60 Tabs",200mg,60,70,See DN-2493 (ID#:82432),2.58,0.04,0.25
"Abacavir 300mg, tablets, 60 Tabs","Abacavir 300mg, tablets, 60 Tabs",300mg,60,20,See DN-2494 (ID#:82433),14.63,0.24,0.41
"Lamivudine/Zidovudine 150/300mg, tablets, 60 Tabs","Lamivudine/Zidovudine 150/300mg, tablets, 60 Tabs",150/300mg,60,75,See DN-2495 (ID#:83555),8.26,0.14,0.87
"Lamivudine/Nevirapine/Zidovudine 150/200/300mg, tablets, 60 Tabs","Lamivudine/Nevirapine/Zidovudine 150/200/300mg, tablets, 60 Tabs",150/300/200mg,60,30,See DN-2498 (ID#:83002),11,0.18,0.46
"Nevirapine 200mg, tablets, 60 Tabs","Nevirapine 200mg, tablets, 60 Tabs",200mg,60,22,See DN-2498 (ID#:83002),2.58,0.04,0.08
"Lamivudine/Zidovudine 150/300mg, tablets, 60 Tabs","Lamivudine/Zidovudine 150/300mg, tablets, 60 Tabs",150/300mg,60,450,See DN-2499 (ID#:83004),8.26,0.14,5.21
"Lopinavir/Ritonavir 200/50mg, tablets, 120 Tabs","Lopinavir/Ritonavir 200/50mg, tablets, 120 Tabs",200/50mg,120,50,See DN-2499 (ID#:83004),33.74,0.28,2.37
"Lamivudine/Zidovudine 150/300mg, tablets, 60 Tabs","Lamivudine/Zidovudine 150/300mg, tablets, 60 Tabs",150/300mg,60,274,See DN-2500 (ID#:82436),8.26,0.14,3.17
"Nevirapine 10mg/ml, oral suspension w/syringe, Bottle, 240 ml","Nevirapine 10mg/ml, oral suspension w/syringe, Bottle, 240 ml",10mg/ml,240,163,See DN-2510 (ID#:82442),1.95,0.01,0.45
"Lamivudine/Nevirapine/Zidovudine 150/200/300mg, tablets, 60 Tabs","Lamivudine/Nevirapine/Zidovudine 150/200/300mg, tablets, 60 Tabs",150/300/200mg,60,100000,See DN-2518 (ID#:83009),11.22,0.19,1851.3
"Nevirapine 200mg, tablets, 60 Tabs","Nevirapine 200mg, tablets, 60 Tabs",200mg,60,9073,2721,2.51,0.04,37.58
"Lamivudine 150mg, tablets, 60 Tabs","Lamivudine 150mg, tablets, 60 Tabs",150mg,60,23,1,2.33,0.04,0.08
"Efavirenz 600mg, tablets, 30 Tabs","Efavirenz 600mg, tablets, 30 Tabs",600mg,30,56386,See DN-2532 (ID#:82448),4.12,0.14,325.7
"Lamivudine 10mg/ml, oral solution w/syringe, Bottle, 240 ml","Lamivudine 10mg/ml, oral solution w/syringe, Bottle, 240 ml",10mg/ml,240,2808,See DN-2535 (ID#:83011),1.85,0.01,7.28
"Tenofovir Disoproxil Fumarate 300mg, tablets, 30 Tabs","Tenofovir Disoproxil Fumarate 300mg, tablets, 30 Tabs",300mg,30,17440,2612,5.5,0.18,158.27
"Abacavir 300mg, tablets, 60 Tabs","Abacavir 300mg, tablets, 60 Tabs",300mg,60,15003,See DN-2544 (ID#:84145),14.63,0.24,362.16
"Nevirapine 200mg, tablets, 60 Tabs","Nevirapine 200mg, tablets, 60 Tabs",200mg,60,534,30,2.58,0.04,2.27
"Lamivudine/Tenofovir Disoproxil Fumarate 300/300mg, tablets, 30 Tabs","Lamivudine/Tenofovir Disoproxil Fumarate 300/300mg, tablets, 30 Tabs",300/300mg,30,22426,1942,6.08,0.2,224.98
"Nevirapine 10mg/ml, oral suspension w/syringe, Bottle, 240 ml","Nevirapine 10mg/ml, oral suspension w/syringe, Bottle, 240 ml",10mg/ml,240,19026,7096,1.95,0.01,61.22
"Lamivudine/Nevirapine/Zidovudine 30/50/60mg, dispersible tablets, 60 Tabs","Lamivudine/Nevirapine/Zidovudine 30/50/60mg, dispersible tablets, 60 Tabs",30/50/60mg,60,163735,9208,4.25,0.07,1148.19
"Nevirapine 200mg, tablets, 60 Tabs","Nevirapine 200mg, tablets, 60 Tabs",200mg,60,200,See DN-2581 (ID#:82457),2.58,0.04,0.72
"Lamivudine 150mg, tablets, 60 Tabs","Lamivudine 150mg, tablets, 60 Tabs",150mg,60,200,See DN-2581 (ID#:82457),2.33,0.04,0.65
"Lamivudine/Nevirapine/Zidovudine 150/200/300mg, tablets, 60 Tabs","Lamivudine/Nevirapine/Zidovudine 150/200/300mg, tablets, 60 Tabs",150/300/200mg,60,14125,See DN-2590 (ID#:83019),11.22,0.19,261.5
"Nevirapine 200mg, tablets, 60 Tabs","Nevirapine 200mg, tablets, 60 Tabs",200mg,60,1800,See DN-2594 (ID#:83021),2.51,0.04,6.33
"Emtricitabine/Tenofovir Disoproxil Fumarate 200/300mg, tablets, 30 Tabs","Emtricitabine/Tenofovir Disoproxil Fumarate 200/300mg, tablets, 30 Tabs",200/300mg,30,5150,See DN-2595 (ID#:83577),8.75,0.29,63.18
"Lamivudine/Nevirapine/Zidovudine 150/200/300mg, tablets, 60 Tabs","Lamivudine/Nevirapine/Zidovudine 150/200/300mg, tablets, 60 Tabs",150/300/200mg,60,75000,10746,11.22,0.19,1388.48
"Lamivudine/Zidovudine 150/300mg, tablets, 60 Tabs","Lamivudine/Zidovudine 150/300mg, tablets, 60 Tabs",150/300mg,60,7273,650,8.26,0.14,99.12
"Lamivudine/Stavudine 150/30mg, tablets, 60 Tabs","Lamivudine/Stavudine 150/30mg, tablets, 60 Tabs",150/30mg,60,7150,See DN-2621 (ID#:83583),2.95,0.05,34.8
"Abacavir 20mg/ml, oral solution w/syringe, Bottle, 240 ml","Abacavir 20mg/ml, oral solution w/syringe, Bottle, 240 ml",20mg/ml,240,1489,557,12.5,0.05,26.09
"Lamivudine/Nevirapine/Zidovudine 150/200/300mg, tablets, 60 Tabs","Lamivudine/Nevirapine/Zidovudine 150/200/300mg, tablets, 60 Tabs",150/300/200mg,60,11574,See DN-2621 (ID#:83583),11,0.18,210.07
"Efavirenz 200mg, capsule, 90 Caps","Efavirenz 200mg, capsule, 90 Caps",200mg,90,993,126,8.64,0.1,12.03
"Lamivudine/Nevirapine/Stavudine 60/100/12mg, dispersible tablets, 60 Tabs","Lamivudine/Nevirapine/Stavudine 60/100/12mg, dispersible tablets, 60 Tabs",60/100/12mg,60,26300,2278,4.54,0.08,197.01
"Nevirapine 10mg/ml, oral suspension w/syringe, Bottle, 240 ml","Nevirapine 10mg/ml, oral suspension w/syringe, Bottle, 240 ml",10mg/ml,240,24307,Weight Captured Separately,1.95,0.01,78.21
"Nevirapine 10mg/ml, oral suspension w/syringe, Bottle, 240 ml","Nevirapine 10mg/ml, oral suspension w/syringe, Bottle, 240 ml",10mg/ml,240,26807,9937,1.95,0.01,86.25
"Zidovudine 300mg, tablets, 60 Tabs","Zidovudine 300mg, tablets, 60 Tabs",300mg,60,4166,See DN-2641 (ID#:83029),7.02,0.12,41
"Lamivudine 150mg, tablets, 60 Tabs","Lamivudine 150mg, tablets, 60 Tabs",150mg,60,8334,See DN-2641 (ID#:83029),2.33,0.04,27.22
"Lamivudine/Zidovudine 150/300mg, tablets, 60 Tabs","Lamivudine/Zidovudine 150/300mg, tablets, 60 Tabs",150/300mg,60,2000,See DN-2643 (ID#:82471),7.78,0.13,21.82
"Nevirapine 200mg, tablets, 60 Tabs","Nevirapine 200mg, tablets, 60 Tabs",200mg,60,48874,4754,2.44,0.04,167.19
"Lamivudine/Zidovudine 150/300mg, tablets, 60 Tabs","Lamivudine/Zidovudine 150/300mg, tablets, 60 Tabs",150/300mg,60,3345,See DN-2656 (ID#:83032),7.78,0.13,42.94
"Nevirapine 200mg, tablets, 60 Tabs","Nevirapine 200mg, tablets, 60 Tabs",200mg,60,13127,1252,2.51,0.04,46.19
"Efavirenz 600mg, tablets, 30 Tabs","Efavirenz 600mg, tablets, 30 Tabs",600mg,30,32562,See DN-2687 (ID#:82480),3.91,0.13,178.5
"Nevirapine 200mg, tablets, 60 Tabs","Nevirapine 200mg, tablets, 60 Tabs",200mg,60,100000,See DN-2690 (ID#:83041),2.44,0.04,342.09
"Nevirapine 200mg, tablets, 60 Tabs","Nevirapine 200mg, tablets, 60 Tabs",200mg,60,69037,4353,2.44,0.04,277.94
"Tenofovir Disoproxil Fumarate 300mg, tablets, 30 Tabs","Tenofovir Disoproxil Fumarate 300mg, tablets, 30 Tabs",300mg,30,80,841,5.5,0.18,0.62
"HIV 1/2, Determine Complete HIV Kit, 100 Tests","HIV 1/2, Determine Complete HIV Kit, 100 Tests",,100,1500,448,80,0.8,168.24
"Nevirapine 200mg, tablets, 60 Tabs","Nevirapine 200mg, tablets, 60 Tabs",200mg,60,37844,See DN-2727 (ID#:83053),2.44,0.04,129.46
"Nevirapine 200mg, tablets, 60 Tabs","Nevirapine 200mg, tablets, 60 Tabs",200mg,60,69037,14074,2.42,0.04,275.66
"Lamivudine/Tenofovir Disoproxil Fumarate 300/300mg, tablets, 30 Tabs","Lamivudine/Tenofovir Disoproxil Fumarate 300/300mg, tablets, 30 Tabs",300/300mg,30,78082,7490,5.36,0.18,690.56
"Efavirenz/Emtricitabine/Tenofovir Disoproxil Fumarate 600/200/300mg, tablets, 30 Tabs","Efavirenz/Emtricitabine/Tenofovir Disoproxil Fumarate 600/200/300mg, tablets, 30 Tabs",600/200/300mg,30,200000,33909,15.04,0.5,4217.22
"Efavirenz/Emtricitabine/Tenofovir Disoproxil Fumarate 600/200/300mg, tablets, 30 Tabs","Efavirenz/Emtricitabine/Tenofovir Disoproxil Fumarate 600/200/300mg, tablets, 30 Tabs",600/200/300mg,30,17124,2091,15.04,0.5,361.08
"Lamivudine/Stavudine 150/30mg, tablets, 60 Tabs","Lamivudine/Stavudine 150/30mg, tablets, 60 Tabs",150/30mg,60,4451,228,2.95,0.05,21.67
"Efavirenz 600mg, tablets, 30 Tabs","Efavirenz 600mg, tablets, 30 Tabs",600mg,30,155202,11334,3.81,0.13,829.03
"Lamivudine/Tenofovir Disoproxil Fumarate 300/300mg, tablets, 30 Tabs","Lamivudine/Tenofovir Disoproxil Fumarate 300/300mg, tablets, 30 Tabs",300/300mg,30,24799,See DN-2821 (ID#:83069),5.36,0.18,186.36
"Lamivudine/Stavudine 150/30mg, tablets, 60 Tabs","Lamivudine/Stavudine 150/30mg, tablets, 60 Tabs",150/30mg,60,65599,3354,2.95,0.05,271.31
"Nevirapine 200mg, tablets, 60 Tabs","Nevirapine 200mg, tablets, 60 Tabs",200mg,60,18350,1331,2.44,0.04,62.77
"Lopinavir/Ritonavir 200/50mg, tablets, 120 Tabs","Lopinavir/Ritonavir 200/50mg, tablets, 120 Tabs",200/50mg,120,5000,See DN-2838 (ID#:84188),29.68,0.25,208.06
"Lamivudine/Tenofovir Disoproxil Fumarate 300/300mg, tablets, 30 Tabs","Lamivudine/Tenofovir Disoproxil Fumarate 300/300mg, tablets, 30 Tabs",300/300mg,30,5619,596,5.36,0.18,42.23
"Efavirenz 600mg, tablets, 30 Tabs","Efavirenz 600mg, tablets, 30 Tabs",600mg,30,4292,See DN-2861 (ID#:82513),3.81,0.13,22.93
"Nevirapine 200mg, tablets, 60 Tabs","Nevirapine 200mg, tablets, 60 Tabs",200mg,60,263,See DN-2862 (ID#:83083),2.42,0.04,0.89
"Efavirenz 600mg, tablets, 30 Tabs","Efavirenz 600mg, tablets, 30 Tabs",600mg,30,8132,690,3.64,0.12,41.5
"Nevirapine 200mg, tablets, 60 Tabs","Nevirapine 200mg, tablets, 60 Tabs",200mg,60,74469,4282,2.42,0.04,252.66
"Lamivudine/Nevirapine/Stavudine 60/100/12mg, dispersible tablets, 60 Tabs","Lamivudine/Nevirapine/Stavudine 60/100/12mg, dispersible tablets, 60 Tabs",60/100/12mg,60,13499,See DN-2883 (ID#:83630),4.3,0.07,81.38
"Lamivudine/Stavudine 150/30mg, tablets, 60 Tabs","Lamivudine/Stavudine 150/30mg, tablets, 60 Tabs",150/30mg,60,10500,537,2.95,0.05,43.43
"Zidovudine 10mg/ml, oral solution w/syringe, Bottle, 240 ml","Zidovudine 10mg/ml, oral solution w/syringe, Bottle, 240 ml",10mg/ml,240,5000,See DN-2895 (ID#:82524),2.1,0.01,14.72
"Efavirenz 600mg, tablets, 30 Tabs","Efavirenz 600mg, tablets, 30 Tabs",600mg,30,2445,244,3.81,0.13,13.06
"Lamivudine/Zidovudine 150/300mg, tablets, 60 Tabs","Lamivudine/Zidovudine 150/300mg, tablets, 60 Tabs",150/300mg,60,88403,9421,7.72,0.13,956.82
"Lamivudine/Stavudine 150/30mg, tablets, 60 Tabs","Lamivudine/Stavudine 150/30mg, tablets, 60 Tabs",150/30mg,60,2573,207,2.95,0.05,10.64
"Nevirapine 200mg, tablets, 60 Tabs","Nevirapine 200mg, tablets, 60 Tabs",200mg,60,43676,12561,2.42,0.04,148.19
"Lamivudine/Stavudine 30/6mg, dispersible tablets, 60 Tabs","Lamivudine/Stavudine 30/6mg, dispersible tablets, 60 Tabs",30/6mg,60,19425,1043,1.9,0.03,51.74
"Lamivudine 150mg, tablets, 60 Tabs","Lamivudine 150mg, tablets, 60 Tabs",150mg,60,3726,See DN-2928 (ID#:83637),2.22,0.04,11.6
"Lamivudine/Zidovudine 150/300mg, tablets, 60 Tabs","Lamivudine/Zidovudine 150/300mg, tablets, 60 Tabs",150/300mg,60,43632,See DN-2928 (ID#:83637),7.72,0.13,472.25
"Lamivudine/Nevirapine/Zidovudine 150/200/300mg, tablets, 60 Tabs","Lamivudine/Nevirapine/Zidovudine 150/200/300mg, tablets, 60 Tabs",150/300/200mg,60,2484,249,9.62,0.16,33.5
"Lamivudine/Zidovudine 150/300mg, tablets, 60 Tabs","Lamivudine/Zidovudine 150/300mg, tablets, 60 Tabs",150/300mg,60,44665,See DN-2940 (ID#:82529),7.72,0.13,483.43
"Lamivudine/Nevirapine/Stavudine 30/50/6mg, dispersible tablets, 60 Tabs","Lamivudine/Nevirapine/Stavudine 30/50/6mg, dispersible tablets, 60 Tabs",30/50/6mg,60,33978,2705,2.3,0.04,109.57
"Efavirenz 600mg, tablets, 30 Tabs","Efavirenz 600mg, tablets, 30 Tabs",600mg,30,74064,See DN-2935 (ID#:83641),3.64,0.12,377.97
"Lopinavir/Ritonavir 200/50mg [Aluvia], tablets, 120 Tabs","Lopinavir/Ritonavir 200/50mg [Aluvia], tablets, 120 Tabs",200/50mg,120,17500,6649,30.82,0.26,756.17
"Lamivudine/Tenofovir Disoproxil Fumarate 300/300mg, tablets, 30 Tabs","Lamivudine/Tenofovir Disoproxil Fumarate 300/300mg, tablets, 30 Tabs",300/300mg,30,69691,See DN-2961 (ID#:83098),5.36,0.18,523.71
"Lopinavir/Ritonavir 200/50mg, tablets, 120 Tabs","Lopinavir/Ritonavir 200/50mg, tablets, 120 Tabs",200/50mg,120,10000,See DN-2967 (ID#:84209),26.7,0.22,374.33
"Nevirapine 200mg, tablets, 60 Tabs","Nevirapine 200mg, tablets, 60 Tabs",200mg,60,4535,491,2.42,0.04,15.39
"Efavirenz/Lamivudine/Tenofovir Disoproxil Fumarate 600/300/300mg, tablets, 30 Tabs","Efavirenz/Lamivudine/Tenofovir Disoproxil Fumarate 600/300/300mg, tablets, 30 Tabs",600/300/300mg,30,112007,12757,12.11,0.4,1901.68
"Efavirenz/Lamivudine/Tenofovir Disoproxil Fumarate 600/300/300mg, tablets, 30 Tabs","Efavirenz/Lamivudine/Tenofovir Disoproxil Fumarate 600/300/300mg, tablets, 30 Tabs",600/300/300mg,30,112873,12838,12.11,0.4,1916.38
"Lamivudine 150mg, tablets, 60 Tabs","Lamivudine 150mg, tablets, 60 Tabs",150mg,60,123,See DN-2981 (ID#:82538),1.99,0.03,0.3
"Lamivudine/Tenofovir Disoproxil Fumarate 300/300mg, tablets, 30 Tabs","Lamivudine/Tenofovir Disoproxil Fumarate 300/300mg, tablets, 30 Tabs",300/300mg,30,221799,58270,4.81,0.16,1495.73
"Nevirapine 200mg, tablets, 60 Tabs","Nevirapine 200mg, tablets, 60 Tabs",200mg,60,164433,See DN-2989 (ID#:84216),2.31,0.04,532.54
"Efavirenz/Emtricitabine/Tenofovir Disoproxil Fumarate 600/200/300mg, tablets, 30 Tabs","Efavirenz/Emtricitabine/Tenofovir Disoproxil Fumarate 600/200/300mg, tablets, 30 Tabs",600/200/300mg,30,30114,1230,13.69,0.46,577.99
"Lamivudine/Nevirapine/Stavudine 150/200/30mg, tablets, 60 Tabs","Lamivudine/Nevirapine/Stavudine 150/200/30mg, tablets, 60 Tabs",150/200/30mg,60,270,See DN-3014 (ID#:83655),4.7,0.08,1.57
"Lamivudine/Zidovudine 30/60mg, tablets, 60 Tabs","Lamivudine/Zidovudine 30/60mg, tablets, 60 Tabs",30/60mg,60,1296,See DN-3017 (ID#:83108),2.26,0.04,3.62
"Lamivudine/Nevirapine/Zidovudine 150/200/300mg, tablets, 60 Tabs","Lamivudine/Nevirapine/Zidovudine 150/200/300mg, tablets, 60 Tabs",150/300/200mg,60,990,See DN-3017 (ID#:83108),8.58,0.14,10.51
"Abacavir/Lamivudine 60/30mg, tablets, 60 Tabs","Abacavir/Lamivudine 60/30mg, tablets, 60 Tabs",60/30mg,60,54,See DN-3017 (ID#:83108),4.6,0.08,0.31
"Efavirenz 200mg, scored tablets, 90 Tabs","Efavirenz 200mg, scored tablets, 90 Tabs",200mg,90,228,See DN-3017 (ID#:83108),7.3,0.08,2.06
"Lamivudine/Nevirapine/Zidovudine 150/200/300mg, tablets, 60 Tabs","Lamivudine/Nevirapine/Zidovudine 150/200/300mg, tablets, 60 Tabs",150/300/200mg,60,36240,13509,8.58,0.14,435.94
"Lamivudine/Nevirapine/Zidovudine 150/200/300mg, tablets, 60 Tabs","Lamivudine/Nevirapine/Zidovudine 150/200/300mg, tablets, 60 Tabs",150/300/200mg,60,7253,See DN-3024 (ID#:83112),8.58,0.14,87.25
"Lamivudine/Tenofovir Disoproxil Fumarate 300/300mg, tablets, 30 Tabs","Lamivudine/Tenofovir Disoproxil Fumarate 300/300mg, tablets, 30 Tabs",300/300mg,30,32298,See DN-3025 (ID#:82546),4.7,0.16,187.78
"Efavirenz 600mg, tablets, 30 Tabs","Efavirenz 600mg, tablets, 30 Tabs",600mg,30,4800,396,3.33,0.11,19.77
"Efavirenz/Lamivudine/Tenofovir Disoproxil Fumarate 600/300/300mg, tablets, 30 Tabs","Efavirenz/Lamivudine/Tenofovir Disoproxil Fumarate 600/300/300mg, tablets, 30 Tabs",600/300/300mg,30,20160,See DN-3033 (ID#:83658),12.11,0.4,302
"Lamivudine/Zidovudine 150/300mg, tablets, 60 Tabs","Lamivudine/Zidovudine 150/300mg, tablets, 60 Tabs",150/300mg,60,4800,See DN-3033 (ID#:83658),7.27,0.12,43.17
"Lamivudine/Nevirapine/Zidovudine 150/200/300mg, tablets, 60 Tabs","Lamivudine/Nevirapine/Zidovudine 150/200/300mg, tablets, 60 Tabs",150/300/200mg,60,42717,5732,8.58,0.14,453.38
"Stavudine 15mg, capsules, 60 Caps","Stavudine 15mg, capsules, 60 Caps",15mg,60,216,See DN-3015 (ID#:82554),1.32,0.02,0.35
"Lopinavir/Ritonavir 200/50mg, tablets, 120 Tabs","Lopinavir/Ritonavir 200/50mg, tablets, 120 Tabs",200/50mg,120,8476,See DN-3046 (ID#:83119),24.76,0.21,294.23
"Lamivudine/Tenofovir Disoproxil Fumarate 300/300mg, tablets, 30 Tabs","Lamivudine/Tenofovir Disoproxil Fumarate 300/300mg, tablets, 30 Tabs",300/300mg,30,49467,8615,4.7,0.16,325.96
"Nevirapine 200mg, tablets, 60 Tabs","Nevirapine 200mg, tablets, 60 Tabs",200mg,60,25991,2504,2.26,0.04,72.66
"Lamivudine 10mg/ml, oral solution w/syringe, Bottle, 240 ml","Lamivudine 10mg/ml, oral solution w/syringe, Bottle, 240 ml",10mg/ml,240,225,See DN-3059 (ID#:82560),1.85,0.01,0.51
"Lopinavir/Ritonavir 200/50mg [Aluvia], tablets, 120 Tabs","Lopinavir/Ritonavir 200/50mg [Aluvia], tablets, 120 Tabs",200/50mg,120,2390,533,23.75,0.2,70.22
"Abacavir/Lamivudine 600/300mg, scored tablets, 30 Tabs","Abacavir/Lamivudine 600/300mg, scored tablets, 30 Tabs",600/300mg,30,7051,See DN-3069 (ID#:83124),13.96,0.47,121.76
"Efavirenz/Emtricitabine/Tenofovir Disoproxil Fumarate 600/200/300mg, tablets, 30 Tabs","Efavirenz/Emtricitabine/Tenofovir Disoproxil Fumarate 600/200/300mg, tablets, 30 Tabs",600/200/300mg,30,225035,25504,13.69,0.46,4319.18
"Lamivudine/Nevirapine/Zidovudine 150/200/300mg, tablets, 60 Tabs","Lamivudine/Nevirapine/Zidovudine 150/200/300mg, tablets, 60 Tabs",150/300/200mg,60,38722,See DN-3075 (ID#:83129),8.58,0.14,465.79
"Lamivudine/Nevirapine/Stavudine 30/50/6mg, dispersible tablets, 60 Tabs","Lamivudine/Nevirapine/Stavudine 30/50/6mg, dispersible tablets, 60 Tabs",30/50/6mg,60,11606,See DN-3101 (ID#:83672),2.3,0.04,33.02
"Tenofovir Disoproxil Fumarate 300mg, tablets, 30 Tabs","Tenofovir Disoproxil Fumarate 300mg, tablets, 30 Tabs",300mg,30,1800,108,4.04,0.13,9
"Lopinavir/Ritonavir 200/50mg, tablets, 120 Tabs","Lopinavir/Ritonavir 200/50mg, tablets, 120 Tabs",200/50mg,120,240,See DN-3118 (ID#:82569),24.76,0.21,7.35
"Emtricitabine/Tenofovir Disoproxil Fumarate 200/300mg, tablets, 30 Tabs","Emtricitabine/Tenofovir Disoproxil Fumarate 200/300mg, tablets, 30 Tabs",200/300mg,30,69811,7632,6.07,0.2,524.18
"Zidovudine 300mg, tablets, 60 Tabs","Zidovudine 300mg, tablets, 60 Tabs",300mg,60,1466,83,6.76,0.11,12.26
"Emtricitabine/Tenofovir Disoproxil Fumarate 200/300mg, tablets, 30 Tabs","Emtricitabine/Tenofovir Disoproxil Fumarate 200/300mg, tablets, 30 Tabs",200/300mg,30,20537,See DN-3116 (ID#:84248),6.07,0.2,154.2
"Emtricitabine/Tenofovir Disoproxil Fumarate 200/300mg, tablets, 30 Tabs","Emtricitabine/Tenofovir Disoproxil Fumarate 200/300mg, tablets, 30 Tabs",200/300mg,30,1080,See DN-3129 (ID#:83135),6.07,0.2,8.11
"Lopinavir/Ritonavir 200/50mg, tablets, 120 Tabs","Lopinavir/Ritonavir 200/50mg, tablets, 120 Tabs",200/50mg,120,7677,16376,21.78,0.18,206.83
"Lamivudine/Tenofovir Disoproxil Fumarate 300/300mg, tablets, 30 Tabs","Lamivudine/Tenofovir Disoproxil Fumarate 300/300mg, tablets, 30 Tabs",300/300mg,30,2014,See DN-3131 (ID#:83136),4.7,0.16,11.71
"Efavirenz 600mg, tablets, 30 Tabs","Efavirenz 600mg, tablets, 30 Tabs",600mg,30,34200,7908,3.33,0.11,140.88
"Lamivudine 150mg, tablets, 60 Tabs","Lamivudine 150mg, tablets, 60 Tabs",150mg,60,2600,149,1.99,0.03,6.4
"Zidovudine 10mg/ml, oral solution w/syringe, Bottle, 240 ml","Zidovudine 10mg/ml, oral solution w/syringe, Bottle, 240 ml",10mg/ml,240,13603,See DN-3102 (ID#:82573),2.1,0.01,35.34
"Lamivudine/Nevirapine/Zidovudine 150/200/300mg, tablets, 60 Tabs","Lamivudine/Nevirapine/Zidovudine 150/200/300mg, tablets, 60 Tabs",150/300/200mg,60,25400,See DN-3102 (ID#:82573),8.58,0.14,269.58
"Lamivudine/Tenofovir Disoproxil Fumarate 300/300mg, tablets, 30 Tabs","Lamivudine/Tenofovir Disoproxil Fumarate 300/300mg, tablets, 30 Tabs",300/300mg,30,40534,3749,4.7,0.16,235.66
"Nevirapine 200mg, tablets, 60 Tabs","Nevirapine 200mg, tablets, 60 Tabs",200mg,60,14344,See DN-3148 (ID#:82574),2.26,0.04,40.1
"Lamivudine/Nevirapine/Stavudine 30/50/6mg, dispersible tablets, 60 Tabs","Lamivudine/Nevirapine/Stavudine 30/50/6mg, dispersible tablets, 60 Tabs",30/50/6mg,60,12917,2461,2.3,0.04,36.75
"Lamivudine/Zidovudine 150/300mg, tablets, 60 Tabs","Lamivudine/Zidovudine 150/300mg, tablets, 60 Tabs",150/300mg,60,41222,See DN-3171 (ID#:83685),7,0.12,356.94
"Abacavir/Lamivudine 60/30mg, tablets, 60 Tabs","Abacavir/Lamivudine 60/30mg, tablets, 60 Tabs",60/30mg,60,763,56,4.6,0.08,4.34
"Efavirenz/Lamivudine/Tenofovir Disoproxil Fumarate 600/300/300mg, tablets, 30 Tabs","Efavirenz/Lamivudine/Tenofovir Disoproxil Fumarate 600/300/300mg, tablets, 30 Tabs",600/300/300mg,30,66956,5810,10.52,0.35,987.54
"Lamivudine/Tenofovir Disoproxil Fumarate 300/300mg, tablets, 30 Tabs","Lamivudine/Tenofovir Disoproxil Fumarate 300/300mg, tablets, 30 Tabs",300/300mg,30,8531,Weight Captured Separately,4.7,0.16,49.6
"Nevirapine 200mg, tablets, 60 Tabs","Nevirapine 200mg, tablets, 60 Tabs",200mg,60,109238,11763,2.26,0.04,305.39
"Efavirenz 600mg, tablets, 30 Tabs","Efavirenz 600mg, tablets, 30 Tabs",600mg,30,45000,16966,3.33,0.11,185.36
"Lopinavir/Ritonavir 200/50mg, tablets, 120 Tabs","Lopinavir/Ritonavir 200/50mg, tablets, 120 Tabs",200/50mg,120,7014,7733,21.78,0.18,188.97
"Efavirenz/Emtricitabine/Tenofovir Disoproxil Fumarate 600/200/300mg, tablets, 30 Tabs","Efavirenz/Emtricitabine/Tenofovir Disoproxil Fumarate 600/200/300mg, tablets, 30 Tabs",600/200/300mg,30,176213,19962,12.96,0.43,2824.96
"Efavirenz/Lamivudine/Tenofovir Disoproxil Fumarate 600/300/300mg, tablets, 30 Tabs","Efavirenz/Lamivudine/Tenofovir Disoproxil Fumarate 600/300/300mg, tablets, 30 Tabs",600/300/300mg,30,35930,4811,10.52,0.35,467.57
"Lamivudine/Nevirapine/Zidovudine 150/200/300mg, tablets, 60 Tabs","Lamivudine/Nevirapine/Zidovudine 150/200/300mg, tablets, 60 Tabs",150/300/200mg,60,44017,See DN-3237 (ID#:83700),8.26,0.14,449.75
"Lamivudine/Stavudine 60/12mg, dispersible tablets, 60 Tabs","Lamivudine/Stavudine 60/12mg, dispersible tablets, 60 Tabs",60/12mg,60,1945,165,3.3,0.06,7.94
"Tenofovir Disoproxil Fumarate 300mg, tablets, 30 Tabs","Tenofovir Disoproxil Fumarate 300mg, tablets, 30 Tabs",300mg,30,2656,167,4.04,0.13,13.27
"Lamivudine/Nevirapine/Zidovudine 150/200/300mg, tablets, 60 Tabs","Lamivudine/Nevirapine/Zidovudine 150/200/300mg, tablets, 60 Tabs",150/300/200mg,60,800,See DN-3269 (ID#:83711),8.26,0.14,8.17
"Lamivudine/Zidovudine 150/300mg, tablets, 60 Tabs","Lamivudine/Zidovudine 150/300mg, tablets, 60 Tabs",150/300mg,60,45233,3984,7,0.12,391.67
"Efavirenz/Lamivudine/Tenofovir Disoproxil Fumarate 600/300/300mg, tablets, 30 Tabs","Efavirenz/Lamivudine/Tenofovir Disoproxil Fumarate 600/300/300mg, tablets, 30 Tabs",600/300/300mg,30,59680,7831,10.52,0.35,776.63
"Lamivudine/Nevirapine/Zidovudine 30/50/60mg, dispersible tablets, 60 Tabs","Lamivudine/Nevirapine/Zidovudine 30/50/60mg, dispersible tablets, 60 Tabs",30/50/60mg,60,7600,415,3.89,0.06,41.45
"Nevirapine 200mg, tablets, 60 Tabs","Nevirapine 200mg, tablets, 60 Tabs",200mg,60,2997,2764,2.26,0.04,8.38
"Efavirenz/Emtricitabine/Tenofovir Disoproxil Fumarate 600/200/300mg, tablets, 30 Tabs","Efavirenz/Emtricitabine/Tenofovir Disoproxil Fumarate 600/200/300mg, tablets, 30 Tabs",600/200/300mg,30,16099,2004,12.3,0.41,277.62
"Efavirenz 200mg, scored tablets, 90 Tabs","Efavirenz 200mg, scored tablets, 90 Tabs",200mg,90,10000,684,7.3,0.08,90.3
"Nevirapine 10mg/ml, oral suspension w/syringe, Bottle, 240 ml","Nevirapine 10mg/ml, oral suspension w/syringe, Bottle, 240 ml",10mg/ml,240,6339,2357,1.95,0.01,15.29
"Efavirenz 600mg, tablets, 30 Tabs","Efavirenz 600mg, tablets, 30 Tabs",600mg,30,70643,See DN-3318 (ID#:83716),3.33,0.11,290.99
"Abacavir 300mg, tablets, 60 Tabs","Abacavir 300mg, tablets, 60 Tabs",300mg,60,13370,1337,11.46,0.19,189.53
"Lopinavir/Ritonavir 200/50mg [Aluvia], tablets, 120 Tabs","Lopinavir/Ritonavir 200/50mg [Aluvia], tablets, 120 Tabs",200/50mg,120,13040,2638,20.22,0.17,326.16
"Lamivudine/Tenofovir Disoproxil Fumarate 300/300mg, tablets, 30 Tabs","Lamivudine/Tenofovir Disoproxil Fumarate 300/300mg, tablets, 30 Tabs",300/300mg,30,131520,2277,4.81,0.16,782.54
"Lamivudine 10mg/ml, oral solution w/syringe, Bottle, 240 ml","Lamivudine 10mg/ml, oral solution w/syringe, Bottle, 240 ml",10mg/ml,240,5495,1960,1.45,0.01,9.86
"Lopinavir/Ritonavir 200/50mg [Aluvia], tablets, 120 Tabs","Lopinavir/Ritonavir 200/50mg [Aluvia], tablets, 120 Tabs",200/50mg,120,13164,2722,20.22,0.17,329.26
"Nevirapine 200mg, tablets, 60 Tabs","Nevirapine 200mg, tablets, 60 Tabs",200mg,60,288,See DN-3349 (ID#:83720),2.26,0.04,0.81
"Zidovudine 300mg, tablets, 60 Tabs","Zidovudine 300mg, tablets, 60 Tabs",300mg,60,21410,See DN-3350 (ID#:83165),6.25,0.1,165.53
"Lamivudine/Zidovudine 150/300mg, tablets, 60 Tabs","Lamivudine/Zidovudine 150/300mg, tablets, 60 Tabs",150/300mg,60,15080,1212,7,0.12,130.58
"Nevirapine 10mg/ml, oral suspension w/syringe, Bottle, 100 ml","Nevirapine 10mg/ml, oral suspension w/syringe, Bottle, 100 ml",10mg/ml,100,56540,See DN-3347 (ID#:82611),1.3,0.01,90.92
"Nevirapine 200mg, tablets, 60 Tabs","Nevirapine 200mg, tablets, 60 Tabs",200mg,60,9984,See DN-3361 (ID#:83172),2.26,0.04,27.91
"Lopinavir/Ritonavir 200/50mg, tablets, 120 Tabs","Lopinavir/Ritonavir 200/50mg, tablets, 120 Tabs",200/50mg,120,6269,See DN-3371 (ID#:83174),21,0.18,162.85
"Lamivudine/Nevirapine/Zidovudine 150/200/300mg, tablets, 60 Tabs","Lamivudine/Nevirapine/Zidovudine 150/200/300mg, tablets, 60 Tabs",150/300/200mg,60,14300,See DN-3371 (ID#:83174),8.26,0.14,146.11
"Lopinavir/Ritonavir 200/50mg, tablets, 120 Tabs","Lopinavir/Ritonavir 200/50mg, tablets, 120 Tabs",200/50mg,120,46009,22534,20.48,0.17,1165.58
"Lamivudine/Nevirapine/Zidovudine 150/200/300mg, tablets, 60 Tabs","Lamivudine/Nevirapine/Zidovudine 150/200/300mg, tablets, 60 Tabs",150/300/200mg,60,89520,10238,8.58,0.14,950.12
"Abacavir/Lamivudine 60/30mg, tablets, 60 Tabs","Abacavir/Lamivudine 60/30mg, tablets, 60 Tabs",60/30mg,60,1864,89,4,0.07,9.22
"Nevirapine 200mg, tablets, 60 Tabs","Nevirapine 200mg, tablets, 60 Tabs",200mg,60,59498,See DN-3401 (ID#:83180),2.26,0.04,166.33
"Abacavir 300mg, tablets, 60 Tabs","Abacavir 300mg, tablets, 60 Tabs",300mg,60,9300,See DN-3418 (ID#:83182),11.46,0.19,131.84
"Emtricitabine/Tenofovir Disoproxil Fumarate 200/300mg, tablets, 30 Tabs","Emtricitabine/Tenofovir Disoproxil Fumarate 200/300mg, tablets, 30 Tabs",200/300mg,30,3402,392,5.87,0.2,24.7
"Lamivudine 10mg/ml, oral solution w/syringe, Bottle, 240 ml","Lamivudine 10mg/ml, oral solution w/syringe, Bottle, 240 ml",10mg/ml,240,5233,1855,1.45,0.01,9.39
"Efavirenz 200mg, scored tablets, 90 Tabs","Efavirenz 200mg, scored tablets, 90 Tabs",200mg,90,96,See DN-3425 (ID#:82618),9.3,0.1,1.1
"Lamivudine/Nevirapine/Zidovudine 150/200/300mg, tablets, 60 Tabs","Lamivudine/Nevirapine/Zidovudine 150/200/300mg, tablets, 60 Tabs",150/300/200mg,60,67334,8716,8.58,0.14,714.65
"Lamivudine/Tenofovir Disoproxil Fumarate 300/300mg, tablets, 30 Tabs","Lamivudine/Tenofovir Disoproxil Fumarate 300/300mg, tablets, 30 Tabs",300/300mg,30,39360,4174,4.81,0.16,234.19
"Lamivudine/Nevirapine/Zidovudine 30/50/60mg, dispersible tablets, 60 Tabs","Lamivudine/Nevirapine/Zidovudine 30/50/60mg, dispersible tablets, 60 Tabs",30/50/60mg,60,5800,248,3.89,0.06,27.91
"Lopinavir/Ritonavir 200/50mg, tablets, 120 Tabs","Lopinavir/Ritonavir 200/50mg, tablets, 120 Tabs",200/50mg,120,1865,497,20.48,0.17,39.26
"Lamivudine/Tenofovir Disoproxil Fumarate 300/300mg, tablets, 30 Tabs","Lamivudine/Tenofovir Disoproxil Fumarate 300/300mg, tablets, 30 Tabs",300/300mg,30,7130,669,4.7,0.16,41.45
"Lopinavir/Ritonavir 200/50mg, tablets, 120 Tabs","Lopinavir/Ritonavir 200/50mg, tablets, 120 Tabs",200/50mg,120,88,95,21,0.18,2.29
"Lamivudine/Zidovudine 30/60mg, tablets, 60 Tabs","Lamivudine/Zidovudine 30/60mg, tablets, 60 Tabs",30/60mg,60,11605,935,2.15,0.04,30.86
"Efavirenz 200mg, scored tablets, 90 Tabs","Efavirenz 200mg, scored tablets, 90 Tabs",200mg,90,2586,164,9.3,0.1,24.72
"Nevirapine 200mg, tablets, 60 Tabs","Nevirapine 200mg, tablets, 60 Tabs",200mg,60,378,613,2.26,0.04,0.88
"Lamivudine/Tenofovir Disoproxil Fumarate 300/300mg, tablets, 30 Tabs","Lamivudine/Tenofovir Disoproxil Fumarate 300/300mg, tablets, 30 Tabs",300/300mg,30,1303,See DN-3497 (ID#:82640),4.7,0.16,7.58
"Abacavir/Lamivudine 60/30mg, tablets, 60 Tabs","Abacavir/Lamivudine 60/30mg, tablets, 60 Tabs",60/30mg,60,9500,449,4,0.07,47.01
"Abacavir 300mg, tablets, 60 Tabs","Abacavir 300mg, tablets, 60 Tabs",300mg,60,11022,See DN-3531 (ID#:83761),11.36,0.19,154.88
"Lamivudine/Nevirapine/Zidovudine 150/200/300mg, tablets, 60 Tabs","Lamivudine/Nevirapine/Zidovudine 150/200/300mg, tablets, 60 Tabs",150/300/200mg,60,164250,19164,8.58,0.14,1743.26
"Abacavir/Lamivudine 60/30mg, tablets, 60 Tabs","Abacavir/Lamivudine 60/30mg, tablets, 60 Tabs",60/30mg,60,2085,122,4,0.07,10.32
"Efavirenz/Lamivudine/Tenofovir Disoproxil Fumarate 600/300/300mg, tablets, 30 Tabs","Efavirenz/Lamivudine/Tenofovir Disoproxil Fumarate 600/300/300mg, tablets, 30 Tabs",600/300/300mg,30,89490,11280,10.87,0.36,1203.3
"Nevirapine 200mg, tablets, 60 Tabs","Nevirapine 200mg, tablets, 60 Tabs",200mg,60,1330,See DN-3558 (ID#:83766),2.26,0.04,3.09
"Nevirapine 10mg/ml, oral suspension w/syringe, Bottle, 240 ml","Nevirapine 10mg/ml, oral suspension w/syringe, Bottle, 240 ml",10mg/ml,240,440,See DN-3561 (ID#:82654),1.86,0.01,0.84
"Efavirenz/Lamivudine/Tenofovir Disoproxil Fumarate 600/300/300mg, tablets, 30 Tabs","Efavirenz/Lamivudine/Tenofovir Disoproxil Fumarate 600/300/300mg, tablets, 30 Tabs",600/300/300mg,30,180194,13739,10.87,0.36,2422.92
"Lamivudine/Zidovudine 150/300mg, tablets, 60 Tabs","Lamivudine/Zidovudine 150/300mg, tablets, 60 Tabs",150/300mg,60,70300,5565,6.73,0.11,585.25
"Zidovudine 10mg/ml, oral solution w/syringe, Bottle, 240 ml","Zidovudine 10mg/ml, oral solution w/syringe, Bottle, 240 ml",10mg/ml,240,2867,5752,2.1,0.01,7.45
"Abacavir 20mg/ml, oral solution w/syringe, Bottle, 240 ml","Abacavir 20mg/ml, oral solution w/syringe, Bottle, 240 ml",20mg/ml,240,595,236,8.51,0.04,5.21
"Nevirapine 200mg, tablets, 60 Tabs","Nevirapine 200mg, tablets, 60 Tabs",200mg,60,178258,17140,2.26,0.04,414.14
"Lamivudine/Nevirapine/Zidovudine 150/200/300mg, tablets, 60 Tabs","Lamivudine/Nevirapine/Zidovudine 150/200/300mg, tablets, 60 Tabs",150/300/200mg,60,49998,See DN-3579 (ID#:83217),8.26,0.14,510.86
"Lamivudine/Nevirapine/Zidovudine 150/200/300mg, tablets, 60 Tabs","Lamivudine/Nevirapine/Zidovudine 150/200/300mg, tablets, 60 Tabs",150/300/200mg,60,54997,See DN-3580 (ID#:83772),8.26,0.14,466.99
"Efavirenz/Lamivudine/Tenofovir Disoproxil Fumarate 600/300/300mg, tablets, 30 Tabs","Efavirenz/Lamivudine/Tenofovir Disoproxil Fumarate 600/300/300mg, tablets, 30 Tabs",600/300/300mg,30,4629,See DN-3580 (ID#:83772),11.15,0.37,53.06
"Lopinavir/Ritonavir 200/50mg, tablets, 120 Tabs","Lopinavir/Ritonavir 200/50mg, tablets, 120 Tabs",200/50mg,120,507,See DN-3581 (ID#:83219),20.07,0.17,10.46
"Lamivudine/Zidovudine 150/300mg, tablets, 60 Tabs","Lamivudine/Zidovudine 150/300mg, tablets, 60 Tabs",150/300mg,60,287,See DN-3585 (ID#:83223),7,0.12,2.07
"Zidovudine 10mg/ml, oral solution w/syringe, Bottle, 240 ml","Zidovudine 10mg/ml, oral solution w/syringe, Bottle, 240 ml",10mg/ml,240,190,See DN-3585 (ID#:83223),2.1,0.01,0.41
"Efavirenz/Lamivudine/Tenofovir Disoproxil Fumarate 600/300/300mg, tablets, 30 Tabs","Efavirenz/Lamivudine/Tenofovir Disoproxil Fumarate 600/300/300mg, tablets, 30 Tabs",600/300/300mg,30,16834,5447,10.87,0.36,188.11
"Tenofovir Disoproxil Fumarate 300mg, tablets, 30 Tabs","Tenofovir Disoproxil Fumarate 300mg, tablets, 30 Tabs",300mg,30,4400,11043,4.04,0.13,21.99
"Lamivudine/Zidovudine 30/60mg, tablets, 60 Tabs","Lamivudine/Zidovudine 30/60mg, tablets, 60 Tabs",30/60mg,60,10819,411,2.15,0.04,23.91
"Zidovudine 10mg/ml, oral solution w/syringe, Bottle, 240 ml","Zidovudine 10mg/ml, oral solution w/syringe, Bottle, 240 ml",10mg/ml,240,176,See DN-3626 (ID#:83781),2.1,0.01,0.38
"Lamivudine/Nevirapine/Zidovudine 150/200/300mg, tablets, 60 Tabs","Lamivudine/Nevirapine/Zidovudine 150/200/300mg, tablets, 60 Tabs",150/300/200mg,60,100000,See DN-3627 (ID#:83782),8.11,0.14,833.71
"Efavirenz/Lamivudine/Tenofovir Disoproxil Fumarate 600/300/300mg, tablets, 30 Tabs","Efavirenz/Lamivudine/Tenofovir Disoproxil Fumarate 600/300/300mg, tablets, 30 Tabs",600/300/300mg,30,127671,See DN-3628 (ID#:83234),11.15,0.37,1463.39
"Abacavir 20mg/ml, oral solution w/syringe, Bottle, 240 ml","Abacavir 20mg/ml, oral solution w/syringe, Bottle, 240 ml",20mg/ml,240,36,22,8.38,0.03,0.31
"Lamivudine/Nevirapine/Zidovudine 150/200/300mg, tablets, 60 Tabs","Lamivudine/Nevirapine/Zidovudine 150/200/300mg, tablets, 60 Tabs",150/300/200mg,60,15862,1851,8.11,0.14,159.13
"Efavirenz/Lamivudine/Tenofovir Disoproxil Fumarate 600/300/300mg, tablets, 30 Tabs","Efavirenz/Lamivudine/Tenofovir Disoproxil Fumarate 600/300/300mg, tablets, 30 Tabs",600/300/300mg,30,30205,See DN-3642 (ID#:82668),10.78,0.36,402.78
"Lamivudine/Tenofovir Disoproxil Fumarate 300/300mg, tablets, 30 Tabs","Lamivudine/Tenofovir Disoproxil Fumarate 300/300mg, tablets, 30 Tabs",300/300mg,30,27900,17018,4.64,0.15,133.08
"Zidovudine 300mg, tablets, 60 Tabs","Zidovudine 300mg, tablets, 60 Tabs",300mg,60,1000,204,5.5,0.09,5.65
"Abacavir/Lamivudine 600/300mg, scored tablets, 30 Tabs","Abacavir/Lamivudine 600/300mg, scored tablets, 30 Tabs",600/300mg,30,489,See DN-3655 (ID#:83237),13.52,0.45,6.8
"Lamivudine/Nevirapine/Zidovudine 150/200/300mg, tablets, 60 Tabs","Lamivudine/Nevirapine/Zidovudine 150/200/300mg, tablets, 60 Tabs",150/300/200mg,60,74623,10073,8.11,0.14,622.14
"Lamivudine/Tenofovir Disoproxil Fumarate 300/300mg, tablets, 30 Tabs","Lamivudine/Tenofovir Disoproxil Fumarate 300/300mg, tablets, 30 Tabs",300/300mg,30,53705,5565,4.64,0.15,308.25
"Zidovudine 10mg/ml, oral solution w/syringe, Bottle, 240 ml","Zidovudine 10mg/ml, oral solution w/syringe, Bottle, 240 ml",10mg/ml,240,6738,2720,2.1,0.01,14.55
"Emtricitabine/Tenofovir Disoproxil Fumarate 200/300mg, tablets, 30 Tabs","Emtricitabine/Tenofovir Disoproxil Fumarate 200/300mg, tablets, 30 Tabs",200/300mg,30,34733,2746,5.74,0.19,246.62
"Efavirenz/Emtricitabine/Tenofovir Disoproxil Fumarate 600/200/300mg, tablets, 30 Tabs","Efavirenz/Emtricitabine/Tenofovir Disoproxil Fumarate 600/200/300mg, tablets, 30 Tabs",600/200/300mg,30,43479,4874,11.89,0.4,531.44
"Lopinavir/Ritonavir 200/50mg, tablets, 120 Tabs","Lopinavir/Ritonavir 200/50mg, tablets, 120 Tabs",200/50mg,120,200,See DN-3712 (ID#:83795),20.04,0.17,4.12
"Lopinavir/Ritonavir 200/50mg, tablets, 120 Tabs","Lopinavir/Ritonavir 200/50mg, tablets, 120 Tabs",200/50mg,120,112,See DN-3739 (ID#:83804),19.71,0.16,2.73
"Lamivudine/Stavudine 150/30mg, tablets, 60 Tabs","Lamivudine/Stavudine 150/30mg, tablets, 60 Tabs",150/30mg,60,24768,20019,2.49,0.04,63.4
"Nevirapine 10mg/ml, oral suspension w/syringe, Bottle, 100 ml","Nevirapine 10mg/ml, oral suspension w/syringe, Bottle, 100 ml",10mg/ml,100,43293,See DN-3762 (ID#:82685),1.3,0.01,69.62
"Lamivudine/Tenofovir Disoproxil Fumarate 300/300mg, tablets, 30 Tabs","Lamivudine/Tenofovir Disoproxil Fumarate 300/300mg, tablets, 30 Tabs",300/300mg,30,17801,1667,4.63,0.15,84.73
"Lamivudine/Zidovudine 30/60mg, dispersible tablets, 60 Tabs","Lamivudine/Zidovudine 30/60mg, dispersible tablets, 60 Tabs",30/60mg,60,697,47,1.99,0.03,1.43
"Lamivudine/Zidovudine 150/300mg, tablets, 60 Tabs","Lamivudine/Zidovudine 150/300mg, tablets, 60 Tabs",150/300mg,60,35000,See DN-3877 (ID#:83254),6.52,0.11,234.59
"Abacavir/Lamivudine 60/30mg, tablets, 60 Tabs","Abacavir/Lamivudine 60/30mg, tablets, 60 Tabs",60/30mg,60,27137,1169,4.09,0.07,137.3
"Abacavir/Lamivudine 600/300mg, tablets, 30 Tabs","Abacavir/Lamivudine 600/300mg, tablets, 30 Tabs",600/300mg,30,71,7,13.52,0.45,0.99
"Lamivudine/Zidovudine 30/60mg, tablets, 60 Tabs","Lamivudine/Zidovudine 30/60mg, tablets, 60 Tabs",30/60mg,60,7303,277,1.99,0.03,14.94
"Lamivudine/Nevirapine/Zidovudine 150/200/300mg, tablets, 60 Tabs","Lamivudine/Nevirapine/Zidovudine 150/200/300mg, tablets, 60 Tabs",150/300/200mg,60,1056,155,8.11,0.14,8.8
"Abacavir 20mg/ml, oral solution w/syringe, Bottle, 240 ml","Abacavir 20mg/ml, oral solution w/syringe, Bottle, 240 ml",20mg/ml,240,800,297,8.5,0.04,6.99
"Emtricitabine/Tenofovir Disoproxil Fumarate 200/300mg, tablets, 30 Tabs","Emtricitabine/Tenofovir Disoproxil Fumarate 200/300mg, tablets, 30 Tabs",200/300mg,30,2238,See DN-3817 (ID#:83822),5.74,0.19,13.21
"Abacavir/Lamivudine 60/30mg, tablets, 60 Tabs","Abacavir/Lamivudine 60/30mg, tablets, 60 Tabs",60/30mg,60,18027,1228,4.09,0.07,75.79
"Lamivudine/Zidovudine 30/60mg, tablets, 60 Tabs","Lamivudine/Zidovudine 30/60mg, tablets, 60 Tabs",30/60mg,60,23999,1069,1.99,0.03,49.1
"Lamivudine/Tenofovir Disoproxil Fumarate 300/300mg, tablets, 30 Tabs","Lamivudine/Tenofovir Disoproxil Fumarate 300/300mg, tablets, 30 Tabs",300/300mg,30,140000,See DN-3825 (ID#:82702),4.63,0.15,666.35
"Nevirapine 200mg, tablets, 60 Tabs","Nevirapine 200mg, tablets, 60 Tabs",200mg,60,2725,See DN-3836 (ID#:83825),2.18,0.04,6.11
"Lopinavir/Ritonavir 200/50mg [Aluvia], tablets, 120 Tabs","Lopinavir/Ritonavir 200/50mg [Aluvia], tablets, 120 Tabs",200/50mg,120,3426,698,20.22,0.17,71.21
"Lopinavir/Ritonavir 200/50mg, tablets, 120 Tabs","Lopinavir/Ritonavir 200/50mg, tablets, 120 Tabs",200/50mg,120,1603,See DN-3844 (ID#:82710),19.71,0.16,32.48
"Lamivudine/Stavudine 150/30mg, tablets, 60 Tabs","Lamivudine/Stavudine 150/30mg, tablets, 60 Tabs",150/30mg,60,5232,See DN-3828 (ID#:82713),2.49,0.04,13.39
"Abacavir 300mg, tablets, 60 Tabs","Abacavir 300mg, tablets, 60 Tabs",300mg,60,5432,506,11.23,0.19,62.71
"Lamivudine/Tenofovir Disoproxil Fumarate 300/300mg, tablets, 30 Tabs","Lamivudine/Tenofovir Disoproxil Fumarate 300/300mg, tablets, 30 Tabs",300/300mg,30,14055,1406,4.63,0.15,66.9
"Lamivudine/Nevirapine/Zidovudine 150/200/300mg, tablets, 60 Tabs","Lamivudine/Nevirapine/Zidovudine 150/200/300mg, tablets, 60 Tabs",150/300/200mg,60,6,6589,8.11,0.14,0.05
"Lamivudine/Zidovudine 150/300mg, tablets, 60 Tabs","Lamivudine/Zidovudine 150/300mg, tablets, 60 Tabs",150/300mg,60,105344,10622,6.73,0.11,728.82
"Zidovudine 300mg, tablets, 60 Tabs","Zidovudine 300mg, tablets, 60 Tabs",300mg,60,1240,73,5.58,0.09,7.11
"Tenofovir Disoproxil Fumarate 300mg, tablets, 30 Tabs","Tenofovir Disoproxil Fumarate 300mg, tablets, 30 Tabs",300mg,30,80,See DN-3944 (ID#:82733),3.78,0.13,0.31
"Abacavir/Lamivudine 60/30mg, dispersible tablets, 60 Tabs","Abacavir/Lamivudine 60/30mg, dispersible tablets, 60 Tabs",60/30mg,60,8953,805,5.09,0.08,46.85
"Lamivudine/Zidovudine 150/300mg, tablets, 60 Tabs","Lamivudine/Zidovudine 150/300mg, tablets, 60 Tabs",150/300mg,60,79914,7194,6.6,0.11,542.2
"Abacavir/Lamivudine 60/30mg, tablets, 60 Tabs","Abacavir/Lamivudine 60/30mg, tablets, 60 Tabs",60/30mg,60,25000,See DN-3951 (ID#:82735),4,0.07,102.8
"Lamivudine/Tenofovir Disoproxil Fumarate 300/300mg, tablets, 30 Tabs","Lamivudine/Tenofovir Disoproxil Fumarate 300/300mg, tablets, 30 Tabs",300/300mg,30,20673,See DN-3957 (ID#:83283),4.64,0.15,98.61
"Lamivudine/Zidovudine 30/60mg, dispersible tablets, 60 Tabs","Lamivudine/Zidovudine 30/60mg, dispersible tablets, 60 Tabs",30/60mg,60,800,See DN-3975 (ID#:82748),1.99,0.03,1.64
"Lamivudine/Zidovudine 150/300mg, tablets, 60 Tabs","Lamivudine/Zidovudine 150/300mg, tablets, 60 Tabs",150/300mg,60,76832,6780,6.52,0.11,514.97
"Zidovudine 300mg, tablets, 60 Tabs","Zidovudine 300mg, tablets, 60 Tabs",300mg,60,7526,507,5.5,0.09,42.55
"Efavirenz/Lamivudine/Tenofovir Disoproxil Fumarate 600/300/300mg, tablets, 30 Tabs","Efavirenz/Lamivudine/Tenofovir Disoproxil Fumarate 600/300/300mg, tablets, 30 Tabs",600/300/300mg,30,3240,614,10.25,0.34,34.14
"Lamivudine/Zidovudine 30/60mg, dispersible tablets, 60 Tabs","Lamivudine/Zidovudine 30/60mg, dispersible tablets, 60 Tabs",30/60mg,60,1766,152,1.99,0.03,3.61
"Nevirapine 200mg, tablets, 60 Tabs","Nevirapine 200mg, tablets, 60 Tabs",200mg,60,21739,See DN-4012 (ID#:82755),2.21,0.04,49.39
"Efavirenz 600mg, tablets, 30 Tabs","Efavirenz 600mg, tablets, 30 Tabs",600mg,30,52500,10119,3.21,0.11,173.24
"Lopinavir/Ritonavir 200/50mg, tablets, 120 Tabs","Lopinavir/Ritonavir 200/50mg, tablets, 120 Tabs",200/50mg,120,10275,See DN-4024 (ID#:82756),20.8,0.17,219.7
"Abacavir/Lamivudine 60/30mg, dispersible tablets, 60 Tabs","Abacavir/Lamivudine 60/30mg, dispersible tablets, 60 Tabs",60/30mg,60,3238,See DN-4040 (ID#:82758),5.09,0.08,16.94
"Abacavir/Lamivudine 60/30mg, tablets, 60 Tabs","Abacavir/Lamivudine 60/30mg, tablets, 60 Tabs",60/30mg,60,2368,See DN-4041 (ID#:83291),4.09,0.07,9.96
"Nevirapine 10mg/ml, oral suspension w/syringe, Bottle, 240 ml","Nevirapine 10mg/ml, oral suspension w/syringe, Bottle, 240 ml",10mg/ml,240,10401,3880,1.51,0.01,16.15
"Lamivudine/Nevirapine/Zidovudine 30/50/60mg, dispersible tablets, 60 Tabs","Lamivudine/Nevirapine/Zidovudine 30/50/60mg, dispersible tablets, 60 Tabs",30/50/60mg,60,2196,192,3.6,0.06,8.13
"Efavirenz/Lamivudine/Tenofovir Disoproxil Fumarate 600/300/300mg, tablets, 30 Tabs","Efavirenz/Lamivudine/Tenofovir Disoproxil Fumarate 600/300/300mg, tablets, 30 Tabs",600/300/300mg,30,32884,4114,9.76,0.33,329.93
"Lopinavir/Ritonavir 200/50mg [Aluvia], tablets, 120 Tabs","Lopinavir/Ritonavir 200/50mg [Aluvia], tablets, 120 Tabs",200/50mg,120,2000,457,18.9,0.16,44.49
"Efavirenz/Lamivudine/Tenofovir Disoproxil Fumarate 600/300/300mg, tablets, 30 Tabs","Efavirenz/Lamivudine/Tenofovir Disoproxil Fumarate 600/300/300mg, tablets, 30 Tabs",600/300/300mg,30,438409,See DN-4096 (ID#:83304),9.76,0.33,4398.68
"Lamivudine/Nevirapine/Zidovudine 150/200/300mg, tablets, 60 Tabs","Lamivudine/Nevirapine/Zidovudine 150/200/300mg, tablets, 60 Tabs",150/300/200mg,60,335999,47693,7.72,0.13,2666.54
"Lamivudine/Nevirapine/Zidovudine 150/200/300mg, tablets, 60 Tabs","Lamivudine/Nevirapine/Zidovudine 150/200/300mg, tablets, 60 Tabs",150/300/200mg,60,1,See DN-4098 (ID#:84443),7.72,0.13,0.01
"Nevirapine 200mg, tablets, 60 Tabs","Nevirapine 200mg, tablets, 60 Tabs",200mg,60,74896,7183,2.18,0.04,192.17
"Lamivudine/Zidovudine 30/60mg, dispersible tablets, 60 Tabs","Lamivudine/Zidovudine 30/60mg, dispersible tablets, 60 Tabs",30/60mg,60,4000,312,1.99,0.03,8.18
"Efavirenz 600mg, tablets, 30 Tabs","Efavirenz 600mg, tablets, 30 Tabs",600mg,30,65000,See DN-4111 (ID#:83882),3.21,0.11,214.49
"Efavirenz/Lamivudine/Tenofovir Disoproxil Fumarate 600/300/300mg, tablets, 30 Tabs","Efavirenz/Lamivudine/Tenofovir Disoproxil Fumarate 600/300/300mg, tablets, 30 Tabs",600/300/300mg,30,400000,75284,9.76,0.33,4013.31
"Lamivudine/Zidovudine 150/300mg, tablets, 60 Tabs","Lamivudine/Zidovudine 150/300mg, tablets, 60 Tabs",150/300mg,60,71377,11342,6.52,0.11,478.41
"Lamivudine/Zidovudine 150/300mg, tablets, 60 Tabs","Lamivudine/Zidovudine 150/300mg, tablets, 60 Tabs",150/300mg,60,5,1683,6.52,0.11,0.03
"Lamivudine/Nevirapine/Zidovudine 30/50/60mg, dispersible tablets, 60 Tabs","Lamivudine/Nevirapine/Zidovudine 30/50/60mg, dispersible tablets, 60 Tabs",30/50/60mg,60,10000,558,3.6,0.06,42.37
"Lamivudine/Zidovudine 150/300mg, tablets, 60 Tabs","Lamivudine/Zidovudine 150/300mg, tablets, 60 Tabs",150/300mg,60,54000,28276,6.52,0.11,361.94
"Efavirenz/Lamivudine/Tenofovir Disoproxil Fumarate 600/300/300mg, tablets, 30 Tabs","Efavirenz/Lamivudine/Tenofovir Disoproxil Fumarate 600/300/300mg, tablets, 30 Tabs",600/300/300mg,30,94661,See DN-4156 (ID#:83893),9.6,0.32,1069.59
"Abacavir/Lamivudine 60/30mg, tablets, 60 Tabs","Abacavir/Lamivudine 60/30mg, tablets, 60 Tabs",60/30mg,60,6180,See DN-4159 (ID#:83316),3.95,0.07,25.09
"Efavirenz/Lamivudine/Tenofovir Disoproxil Fumarate 600/300/300mg, tablets, 30 Tabs","Efavirenz/Lamivudine/Tenofovir Disoproxil Fumarate 600/300/300mg, tablets, 30 Tabs",600/300/300mg,30,7380,1115,9.99,0.33,86.78
"Efavirenz/Lamivudine/Tenofovir Disoproxil Fumarate 600/300/300mg, tablets, 30 Tabs","Efavirenz/Lamivudine/Tenofovir Disoproxil Fumarate 600/300/300mg, tablets, 30 Tabs",600/300/300mg,30,84991,38799,9.6,0.32,838.76
"Lamivudine/Zidovudine 30/60mg, dispersible tablets, 60 Tabs","Lamivudine/Zidovudine 30/60mg, dispersible tablets, 60 Tabs",30/60mg,60,8193,See DN-4218 (ID#:83326),1.92,0.03,18.51
"Abacavir/Lamivudine 600/300mg, tablets, 30 Tabs","Abacavir/Lamivudine 600/300mg, tablets, 30 Tabs",600/300mg,30,5000,517,13.49,0.45,79.39
"Lamivudine/Nevirapine/Zidovudine 150/200/300mg, tablets, 60 Tabs","Lamivudine/Nevirapine/Zidovudine 150/200/300mg, tablets, 60 Tabs",150/300/200mg,60,1963,See DN-4255 (ID#:83911),7.72,0.13,17.84
"Efavirenz/Lamivudine/Tenofovir Disoproxil Fumarate 600/300/300mg, tablets, 30 Tabs","Efavirenz/Lamivudine/Tenofovir Disoproxil Fumarate 600/300/300mg, tablets, 30 Tabs",600/300/300mg,30,43000,68951,9.6,0.32,424.36
"Efavirenz/Lamivudine/Tenofovir Disoproxil Fumarate 600/300/300mg, tablets, 30 Tabs","Efavirenz/Lamivudine/Tenofovir Disoproxil Fumarate 600/300/300mg, tablets, 30 Tabs",600/300/300mg,30,290000,37449,9.6,0.32,2861.95
"Lamivudine/Tenofovir Disoproxil Fumarate 300/300mg, tablets, 30 Tabs","Lamivudine/Tenofovir Disoproxil Fumarate 300/300mg, tablets, 30 Tabs",300/300mg,30,5763,599,4.62,0.15,31.34
"Lopinavir/Ritonavir 200/50mg [Aluvia], tablets, 120 Tabs","Lopinavir/Ritonavir 200/50mg [Aluvia], tablets, 120 Tabs",200/50mg,120,19100,4710,18.9,0.16,371.1
"Lamivudine/Nevirapine/Zidovudine 30/50/60mg, dispersible tablets, 60 Tabs","Lamivudine/Nevirapine/Zidovudine 30/50/60mg, dispersible tablets, 60 Tabs",30/50/60mg,60,112000,6295,3.6,0.06,414.49
"Zidovudine 300mg, tablets, 60 Tabs","Zidovudine 300mg, tablets, 60 Tabs",300mg,60,1220,See DN-4278 (ID#:83338),5.33,0.09,6.68
"Lamivudine/Nevirapine/Zidovudine 150/200/300mg, tablets, 60 Tabs","Lamivudine/Nevirapine/Zidovudine 150/200/300mg, tablets, 60 Tabs",150/300/200mg,60,14000,1983,7.72,0.13,111.11
"Lamivudine/Nevirapine/Zidovudine 150/200/300mg, tablets, 60 Tabs","Lamivudine/Nevirapine/Zidovudine 150/200/300mg, tablets, 60 Tabs",150/300/200mg,60,14329,See DN-4283 (ID#:83912),7.72,0.13,130.2
"Lamivudine/Nevirapine/Zidovudine 150/200/300mg, tablets, 60 Tabs","Lamivudine/Nevirapine/Zidovudine 150/200/300mg, tablets, 60 Tabs",150/300/200mg,60,46695,See DN-4290 (ID#:83340),7.72,0.13,370.58
"Lamivudine/Zidovudine 150/300mg, tablets, 60 Tabs","Lamivudine/Zidovudine 150/300mg, tablets, 60 Tabs",150/300mg,60,34858,3094,6.52,0.11,267.5
"Lamivudine/Zidovudine 150/300mg, tablets, 60 Tabs","Lamivudine/Zidovudine 150/300mg, tablets, 60 Tabs",150/300mg,60,18928,See DN-4313 (ID#:83921),6.52,0.11,145.25
"Efavirenz/Lamivudine/Tenofovir Disoproxil Fumarate 600/300/300mg, tablets, 30 Tabs","Efavirenz/Lamivudine/Tenofovir Disoproxil Fumarate 600/300/300mg, tablets, 30 Tabs",600/300/300mg,30,51335,85128,9.99,0.33,527.2
"Abacavir 300mg, tablets, 60 Tabs","Abacavir 300mg, tablets, 60 Tabs",300mg,60,80901,Weight Captured Separately,11.09,0.18,922.31
"Zidovudine 300mg, tablets, 60 Tabs","Zidovudine 300mg, tablets, 60 Tabs",300mg,60,98,See DN-1311 (ID#:82837),7.53,0.13,1.45
"Lamivudine/Zidovudine 150/300mg, tablets, 60 Tabs","Lamivudine/Zidovudine 150/300mg, tablets, 60 Tabs",150/300mg,60,316,See DN-1333 (ID#:82839),8.76,0.15,5.43
"Nevirapine 200mg, tablets, 60 Tabs","Nevirapine 200mg, tablets, 60 Tabs",200mg,60,140000,8783,2.51,0.04,757.62
"Lamivudine/Nevirapine/Stavudine 150/200/30mg, tablets, 60 Tabs","Lamivudine/Nevirapine/Stavudine 150/200/30mg, tablets, 60 Tabs",150/200/30mg,60,45,See DN-1333 (ID#:82839),7,0.12,0.62
"Efavirenz 200mg, capsule, 90 Caps","Efavirenz 200mg, capsule, 90 Caps",200mg,90,15,See DN-1360 (ID#:83371),12.73,0.14,0.37
"Efavirenz 200mg, capsule, 90 Caps","Efavirenz 200mg, capsule, 90 Caps",200mg,90,200,See DN-1456 (ID#:83952),12.12,0.13,4.75
"Nevirapine 200mg, tablets, 60 Tabs","Nevirapine 200mg, tablets, 60 Tabs",200mg,60,7400,714,2.9,0.05,42.06
"Lamivudine/Zidovudine 150/300mg, tablets, 60 Tabs","Lamivudine/Zidovudine 150/300mg, tablets, 60 Tabs",150/300mg,60,300,See DN-1506 (ID#:83375),8.76,0.15,5.15
"Efavirenz 600mg, tablets, 30 Tabs","Efavirenz 600mg, tablets, 30 Tabs",600mg,30,4737,427,5.78,0.19,59.03
"Lamivudine 150mg, tablets, 60 Tabs","Lamivudine 150mg, tablets, 60 Tabs",150mg,60,455,See DN-1505 (ID#:84504),2.44,0.04,2.39
"Lamivudine/Nevirapine/Stavudine 150/200/30mg, tablets, 60 Tabs","Lamivudine/Nevirapine/Stavudine 150/200/30mg, tablets, 60 Tabs",150/200/30mg,60,19937,5340,7,0.12,273.54
"Efavirenz 600mg, tablets, 30 Tabs","Efavirenz 600mg, tablets, 30 Tabs",600mg,30,77386,See DN-1519 (ID#:82276),5.78,0.19,876.69
"Nevirapine 200mg, tablets, 60 Tabs","Nevirapine 200mg, tablets, 60 Tabs",200mg,60,10453,1001,2.9,0.05,59.41
"Stavudine 15mg, capsules, 60 Caps","Stavudine 15mg, capsules, 60 Caps",15mg,60,108,See DN-1530 (ID#:83964),1.5,0.02,0.35
"Lamivudine 150mg, tablets, 60 Tabs","Lamivudine 150mg, tablets, 60 Tabs",150mg,60,1833,88,2.44,0.04,8.77
"Zidovudine 100mg, capsules, 100 Caps","Zidovudine 100mg, capsules, 100 Caps",100mg,100,284,22,5,0.05,2.78
"Nevirapine 200mg, tablets, 60 Tabs","Nevirapine 200mg, tablets, 60 Tabs",200mg,60,1300,125,2.9,0.05,7.39
"Efavirenz 600mg, tablets, 30 Tabs","Efavirenz 600mg, tablets, 30 Tabs",600mg,30,8660,742,5.78,0.19,98.11
"Lamivudine/Nevirapine/Stavudine 150/200/30mg, tablets, 60 Tabs","Lamivudine/Nevirapine/Stavudine 150/200/30mg, tablets, 60 Tabs",150/200/30mg,60,76000,8280,6.66,0.11,992.07
"Lamivudine/Nevirapine/Zidovudine 150/200/300mg, tablets, 60 Tabs","Lamivudine/Nevirapine/Zidovudine 150/200/300mg, tablets, 60 Tabs",150/300/200mg,60,11242,1261,11.35,0.19,250.09
"Stavudine 20mg, capsules, 60 Caps","Stavudine 20mg, capsules, 60 Caps",20mg,60,252,See DN-1559 (ID#:82849),1.67,0.03,0.91
"Stavudine 20mg, capsules, 60 Caps","Stavudine 20mg, capsules, 60 Caps",20mg,60,230,See DN-1559 (ID#:82849),1.67,0.03,0.83
"Emtricitabine/Tenofovir Disoproxil Fumarate 200/300mg, tablets, 30 Tabs","Emtricitabine/Tenofovir Disoproxil Fumarate 200/300mg, tablets, 30 Tabs",200/300mg,30,63732,5144,11.75,0.39,1467.75
"Lamivudine/Tenofovir Disoproxil Fumarate 300/300mg, tablets, 30 Tabs","Lamivudine/Tenofovir Disoproxil Fumarate 300/300mg, tablets, 30 Tabs",300/300mg,30,50040,4161,10,0.33,980.78
"Abacavir 300mg, tablets, 60 Tabs","Abacavir 300mg, tablets, 60 Tabs",300mg,60,315,1045,21.42,0.36,14.55
"Lamivudine/Zidovudine 150/300mg, tablets, 60 Tabs","Lamivudine/Zidovudine 150/300mg, tablets, 60 Tabs",150/300mg,60,36760,3294,8.76,0.15,631.15
"Nevirapine 200mg, tablets, 60 Tabs","Nevirapine 200mg, tablets, 60 Tabs",200mg,60,80000,8756,2.9,0.05,454.72
"Zidovudine 300mg, tablets, 60 Tabs","Zidovudine 300mg, tablets, 60 Tabs",300mg,60,120,See DN-1609 (ID#:82286),7.53,0.13,1.95
"Nevirapine 200mg, tablets, 60 Tabs","Nevirapine 200mg, tablets, 60 Tabs",200mg,60,2475,347,2.73,0.05,14.57
"Zidovudine 300mg, tablets, 60 Tabs","Zidovudine 300mg, tablets, 60 Tabs",300mg,60,1063,See DN-1637 (ID#:84524),7.53,0.13,17.26
"Lamivudine/Nevirapine/Zidovudine 150/200/300mg, tablets, 60 Tabs","Lamivudine/Nevirapine/Zidovudine 150/200/300mg, tablets, 60 Tabs",150/300/200mg,60,29,5134,11.22,0.19,0.64
"Emtricitabine/Tenofovir Disoproxil Fumarate 200/300mg [Truvada], tablets, 30 Tabs","Emtricitabine/Tenofovir Disoproxil Fumarate 200/300mg [Truvada], tablets, 30 Tabs",300/200mg,30,3120,275,26.25,0.88,176.58
"Zidovudine 100mg, capsules, 100 Caps","Zidovudine 100mg, capsules, 100 Caps",100mg,100,2152,See DN-1662 (ID#:83981),5,0.05,21.09
"Nevirapine 10mg/ml, oral suspension, Bottle, 240 ml","Nevirapine 10mg/ml, oral suspension, Bottle, 240 ml",10mg/ml,240,1069,396,1.92,0.01,4.43
"Efavirenz 50mg, capsule, 30 Caps","Efavirenz 50mg, capsule, 30 Caps",50mg,30,1596,See DN-1662 (ID#:83981),2.24,0.07,7.01
"Lamivudine/Zidovudine 150/300mg, tablets, 60 Tabs","Lamivudine/Zidovudine 150/300mg, tablets, 60 Tabs",150/300mg,60,6584,See DN-1662 (ID#:83981),8.76,0.15,113.04
"Nevirapine 10mg/ml, oral suspension, Bottle, 240 ml","Nevirapine 10mg/ml, oral suspension, Bottle, 240 ml",10mg/ml,240,1431,See DN-1662 (ID#:83981),1.92,0.01,5.39
"Abacavir 20mg/ml, oral solution, Bottle, 240 ml","Abacavir 20mg/ml, oral solution, Bottle, 240 ml",20mg/ml,240,288,See DN-1667 (ID#:82861),13.6,0.06,8.44
"Stavudine 30mg, capsules, 60 Caps","Stavudine 30mg, capsules, 60 Caps",30mg,60,7056,See DN-1668 (ID#:83403),1.46,0.02,22.21
"Lamivudine 10mg/ml, oral solution, Bottle, 240 ml","Lamivudine 10mg/ml, oral solution, Bottle, 240 ml",10mg/ml,240,2345,See DN-1670 (ID#:82862),1.9,0.01,8.73
"Lamivudine 10mg/ml, oral solution, Bottle, 240 ml","Lamivudine 10mg/ml, oral solution, Bottle, 240 ml",10mg/ml,240,1628,622,1.9,0.01,6.67
"Emtricitabine/Tenofovir Disoproxil Fumarate 200/300mg, tablets, 30 Tabs","Emtricitabine/Tenofovir Disoproxil Fumarate 200/300mg, tablets, 30 Tabs",200/300mg,30,578,47,11.75,0.39,14.64
"Lamivudine/Nevirapine/Stavudine 150/200/30mg, tablets, 60 Tabs","Lamivudine/Nevirapine/Stavudine 150/200/30mg, tablets, 60 Tabs",150/200/30mg,60,1500,113,6.11,0.1,19.76
"Lamivudine/Nevirapine/Stavudine 150/200/30mg, tablets, 60 Tabs","Lamivudine/Nevirapine/Stavudine 150/200/30mg, tablets, 60 Tabs",150/200/30mg,60,20,2,6.11,0.1,0.26
"Lamivudine/Nevirapine/Zidovudine 150/200/300mg, tablets, 60 Tabs","Lamivudine/Nevirapine/Zidovudine 150/200/300mg, tablets, 60 Tabs",150/300/200mg,60,20000,2347,11.22,0.19,483.81
"Zidovudine 300mg, tablets, 60 Tabs","Zidovudine 300mg, tablets, 60 Tabs",300mg,60,270,15,7.5,0.12,4.37
"Efavirenz 600mg, tablets, 30 Tabs","Efavirenz 600mg, tablets, 30 Tabs",600mg,30,4200,238,5.13,0.17,46.45
"Lamivudine/Nevirapine/Zidovudine 150/200/300mg, tablets, 60 Tabs","Lamivudine/Nevirapine/Zidovudine 150/200/300mg, tablets, 60 Tabs",150/300/200mg,60,20000,2356,11.22,0.19,483.81
"Efavirenz 600mg, tablets, 30 Tabs","Efavirenz 600mg, tablets, 30 Tabs",600mg,30,4500,350,5.35,0.18,51.91
"Lamivudine/Nevirapine/Zidovudine 150/200/300mg, tablets, 60 Tabs","Lamivudine/Nevirapine/Zidovudine 150/200/300mg, tablets, 60 Tabs",150/300/200mg,60,3000,359,11.22,0.19,72.57
"Zidovudine 300mg, tablets, 60 Tabs","Zidovudine 300mg, tablets, 60 Tabs",300mg,60,50,See DN-1760 (ID#:82876),7.5,0.12,0.81
"Efavirenz 600mg, tablets, 30 Tabs","Efavirenz 600mg, tablets, 30 Tabs",600mg,30,5000,See DN-1765 (ID#:82877),5.13,0.17,55.3
"Nevirapine 200mg, tablets, 60 Tabs","Nevirapine 200mg, tablets, 60 Tabs",200mg,60,4800,460,2.73,0.05,28.25
"Abacavir 300mg, tablets, 60 Tabs","Abacavir 300mg, tablets, 60 Tabs",300mg,60,2600,8819,20.99,0.35,106.97
"Lamivudine/Zidovudine+Efavirenz 150/300mg+600mg, tablets, co-blister 60+30 Tabs","Lamivudine/Zidovudine+Efavirenz 150/300mg+600mg, tablets, co-blister 60+30 Tabs",150/300mg+600mg,90,309,51,27.5,0.31,18.32
"Efavirenz 600mg, tablets, 30 Tabs","Efavirenz 600mg, tablets, 30 Tabs",600mg,30,7118,628,4.75,0.16,72.9
"Zidovudine 300mg, tablets, 60 Tabs","Zidovudine 300mg, tablets, 60 Tabs",300mg,60,10076,553,7.53,0.13,163.58
"Lamivudine/Nevirapine/Zidovudine 150/200/300mg, tablets, 60 Tabs","Lamivudine/Nevirapine/Zidovudine 150/200/300mg, tablets, 60 Tabs",150/300/200mg,60,40000,4693,11.22,0.19,967.61
"Lamivudine/Nevirapine/Stavudine 150/200/30mg, tablets, 60 Tabs","Lamivudine/Nevirapine/Stavudine 150/200/30mg, tablets, 60 Tabs",150/200/30mg,60,200,21,5.85,0.1,2.52
"Efavirenz 600mg, tablets, 30 Tabs","Efavirenz 600mg, tablets, 30 Tabs",600mg,30,1621,See DN-1801 (ID#:83423),4.75,0.16,16.6
"Nevirapine 200mg, tablets, 60 Tabs","Nevirapine 200mg, tablets, 60 Tabs",200mg,60,15299,1792,2.66,0.04,87.74
"Lamivudine/Zidovudine 150/300mg, tablets, 60 Tabs","Lamivudine/Zidovudine 150/300mg, tablets, 60 Tabs",150/300mg,60,488,39,8.76,0.15,9.22
"Lamivudine/Zidovudine 150/300mg, tablets, 60 Tabs","Lamivudine/Zidovudine 150/300mg, tablets, 60 Tabs",150/300mg,60,3600,238,8.76,0.15,67.99
"Efavirenz 600mg, tablets, 30 Tabs","Efavirenz 600mg, tablets, 30 Tabs",600mg,30,45108,9863,4.75,0.16,461.95
"Lamivudine 150mg, tablets, 60 Tabs","Lamivudine 150mg, tablets, 60 Tabs",150mg,60,5664,See DN-1799 (ID#:84560),2.44,0.04,29.8
"Stavudine 1mg/ml, powder for oral solution, 200 ml","Stavudine 1mg/ml, powder for oral solution, 200 ml",1mg/ml,200,4550,See DN-1825 (ID#:82884),1.4,0.01,13.73
"Lamivudine/Nevirapine/Stavudine 150/200/30mg, tablets, 60 Tabs","Lamivudine/Nevirapine/Stavudine 150/200/30mg, tablets, 60 Tabs",150/200/30mg,60,112100,See DN-1829 (ID#:82320),5.85,0.1,1413.87
"Lamivudine/Nevirapine/Stavudine 150/200/30mg, tablets, 60 Tabs","Lamivudine/Nevirapine/Stavudine 150/200/30mg, tablets, 60 Tabs",150/200/30mg,60,47390,7112,5.85,0.1,543.37
"Efavirenz 600mg, tablets, 30 Tabs","Efavirenz 600mg, tablets, 30 Tabs",600mg,30,34080,3318,4.75,0.16,349.01
"Lamivudine/Zidovudine 150/300mg, tablets, 60 Tabs","Lamivudine/Zidovudine 150/300mg, tablets, 60 Tabs",150/300mg,60,14875,See DN-1837 (ID#:83429),8.76,0.15,280.94
"Lamivudine/Nevirapine/Zidovudine 150/200/300mg, tablets, 60 Tabs","Lamivudine/Nevirapine/Zidovudine 150/200/300mg, tablets, 60 Tabs",150/300/200mg,60,20000,2560,11.22,0.19,483.81
"Stavudine 20mg, capsules, 60 Caps","Stavudine 20mg, capsules, 60 Caps",20mg,60,168,See DN-1842 (ID#:84007),1.43,0.02,0.52
"Lamivudine/Zidovudine 150/300mg, tablets, 60 Tabs","Lamivudine/Zidovudine 150/300mg, tablets, 60 Tabs",150/300mg,60,700,See DN-1856 (ID#:82891),8.76,0.15,13.22
"Efavirenz 600mg, tablets, 30 Tabs","Efavirenz 600mg, tablets, 30 Tabs",600mg,30,17550,1325,4.75,0.16,179.73
"Efavirenz 50mg, capsule, 30 Caps","Efavirenz 50mg, capsule, 30 Caps",50mg,30,1596,See DN-1868 (ID#:83435),2.24,0.07,7.71
"Lamivudine 150mg, tablets, 60 Tabs","Lamivudine 150mg, tablets, 60 Tabs",150mg,60,10980,698,2.44,0.04,57.76
"Lamivudine/Nevirapine/Zidovudine 150/200/300mg, tablets, 60 Tabs","Lamivudine/Nevirapine/Zidovudine 150/200/300mg, tablets, 60 Tabs",150/300/200mg,60,1000,117,11.22,0.19,24.19
"Efavirenz 600mg, tablets, 30 Tabs","Efavirenz 600mg, tablets, 30 Tabs",600mg,30,200,17,4.6,0.15,1.98
"Efavirenz 600mg, tablets, 30 Tabs","Efavirenz 600mg, tablets, 30 Tabs",600mg,30,188,16,4.6,0.15,1.86
"Lamivudine/Zidovudine+Efavirenz 150/300mg+600mg, tablets, co-blister 60+30 Tabs","Lamivudine/Zidovudine+Efavirenz 150/300mg+600mg, tablets, co-blister 60+30 Tabs",150/300mg+600mg,90,87,42,21,0.23,3.94
"Lamivudine/Zidovudine 150/300mg, tablets, 60 Tabs","Lamivudine/Zidovudine 150/300mg, tablets, 60 Tabs",150/300mg,60,53086,Weight Captured Separately,8.76,0.15,1002.61
"Efavirenz/Emtricitabine/Tenofovir Disoproxil Fumarate 600/200/300mg, tablets, 30 Tabs","Efavirenz/Emtricitabine/Tenofovir Disoproxil Fumarate 600/200/300mg, tablets, 30 Tabs",600/200/300mg,30,58500,6433,19.92,0.66,2512.43
"Lamivudine/Zidovudine 150/300mg, tablets, 60 Tabs","Lamivudine/Zidovudine 150/300mg, tablets, 60 Tabs",150/300mg,60,31836,2565,8.76,0.15,601.27
"Lamivudine/Nevirapine/Stavudine 150/200/30mg, tablets, 60 Tabs","Lamivudine/Nevirapine/Stavudine 150/200/30mg, tablets, 60 Tabs",150/200/30mg,60,30630,See DN-1962 (ID#:83448),5.73,0.1,378.4
"Lamivudine 10mg/ml, oral solution, Bottle, 240 ml","Lamivudine 10mg/ml, oral solution, Bottle, 240 ml",10mg/ml,240,3840,See DN-1964 (ID#:82908),1.93,0.01,15.98
"Lamivudine/Nevirapine/Zidovudine 150/200/300mg, tablets, 60 Tabs","Lamivudine/Nevirapine/Zidovudine 150/200/300mg, tablets, 60 Tabs",150/300/200mg,60,6000,789,11.22,0.19,145.14
"Zidovudine 300mg, tablets, 60 Tabs","Zidovudine 300mg, tablets, 60 Tabs",300mg,60,12060,See DN-1982 (ID#:82910),7.21,0.12,187.47
"Stavudine 1mg/ml, powder for oral solution, 200 ml","Stavudine 1mg/ml, powder for oral solution, 200 ml",1mg/ml,200,2400,See DN-1982 (ID#:82910),1.35,0.01,6.99
"Lamivudine 150mg, tablets, 60 Tabs","Lamivudine 150mg, tablets, 60 Tabs",150mg,60,6594,See DN-1984 (ID#:83453),2.33,0.04,33.12
"Lamivudine/Zidovudine 150/300mg, tablets, 60 Tabs","Lamivudine/Zidovudine 150/300mg, tablets, 60 Tabs",150/300mg,60,63148,See DN-1997 (ID#:82914),8.55,0.14,1164.06
"Efavirenz 600mg, tablets, 30 Tabs","Efavirenz 600mg, tablets, 30 Tabs",600mg,30,71991,7187,4.45,0.15,690.7
"Lamivudine/Zidovudine 150/300mg, tablets, 60 Tabs","Lamivudine/Zidovudine 150/300mg, tablets, 60 Tabs",150/300mg,60,26991,See DN-1998 (ID#:84589),8.55,0.14,497.55
"Didanosine 200mg, chewable/dispersible tablets, 60 Tabs","Didanosine 200mg, chewable/dispersible tablets, 60 Tabs",200mg,60,6016,See DN-2011 (ID#:82350),15.5,0.26,201.04
"Stavudine 20mg, capsules, 60 Caps","Stavudine 20mg, capsules, 60 Caps",20mg,60,540,See DN-2011 (ID#:82350),1.43,0.02,1.66
"Lamivudine/Stavudine 150/30mg, tablets, 60 Tabs","Lamivudine/Stavudine 150/30mg, tablets, 60 Tabs",150/30mg,60,5624,See DN-2012 (ID#:84040),3.28,0.05,39.77
"Lamivudine 10mg/ml, oral solution, Bottle, 240 ml","Lamivudine 10mg/ml, oral solution, Bottle, 240 ml",10mg/ml,240,316,See DN-2017 (ID#:82918),1.93,0.01,1.31
"Lamivudine/Nevirapine/Zidovudine 150/200/300mg, tablets, 60 Tabs","Lamivudine/Nevirapine/Zidovudine 150/200/300mg, tablets, 60 Tabs",150/300/200mg,60,31932,See DN-2026 (ID#:84047),11.22,0.19,772.45
"Didanosine 100mg, chewable/dispersible tablets, 60 Tabs","Didanosine 100mg, chewable/dispersible tablets, 60 Tabs",100mg,60,2864,612,7.72,0.13,47.67
"Efavirenz 200mg, capsule, 90 Caps","Efavirenz 200mg, capsule, 90 Caps",200mg,90,1785,168,10.07,0.11,38.75
"Stavudine 1mg/ml, powder for oral solution, 200 ml","Stavudine 1mg/ml, powder for oral solution, 200 ml",1mg/ml,200,2449,See DN-2035 (ID#:82356),1.35,0.01,7.13
"Stavudine 20mg, capsules, 60 Caps","Stavudine 20mg, capsules, 60 Caps",20mg,60,2551,See DN-2035 (ID#:82356),1.43,0.02,7.86
"Nevirapine 200mg, tablets, 60 Tabs","Nevirapine 200mg, tablets, 60 Tabs",200mg,60,10000,1130,2.58,0.04,55.62
"Efavirenz 600mg, tablets, 30 Tabs","Efavirenz 600mg, tablets, 30 Tabs",600mg,30,30000,See DN-2051 (ID#:82359),4.34,0.14,280.71
"Lamivudine/Nevirapine/Stavudine 150/200/30mg, tablets, 60 Tabs","Lamivudine/Nevirapine/Stavudine 150/200/30mg, tablets, 60 Tabs",150/200/30mg,60,30000,See DN-2051 (ID#:82359),5.43,0.09,351.21
"Lamivudine/Nevirapine/Stavudine 150/200/30mg, tablets, 60 Tabs","Lamivudine/Nevirapine/Stavudine 150/200/30mg, tablets, 60 Tabs",150/200/30mg,60,3653,See DN-2054 (ID#:83465),5.43,0.09,42.77
"Efavirenz/Emtricitabine/Tenofovir Disoproxil Fumarate 600/200/300mg, tablets, 30 Tabs","Efavirenz/Emtricitabine/Tenofovir Disoproxil Fumarate 600/200/300mg, tablets, 30 Tabs",600/200/300mg,30,2661,909,19.92,0.66,114.28
"Nevirapine 200mg, tablets, 60 Tabs","Nevirapine 200mg, tablets, 60 Tabs",200mg,60,23787,1378,2.66,0.04,136.42
"Nevirapine 200mg, tablets, 60 Tabs","Nevirapine 200mg, tablets, 60 Tabs",200mg,60,53200,See DN-2059 (ID#:84053),2.66,0.04,305.1
"Efavirenz 50mg, capsule, 30 Caps","Efavirenz 50mg, capsule, 30 Caps",50mg,30,1778,See DN-2059 (ID#:84053),2.24,0.07,8.59
"Abacavir 300mg, tablets, 60 Tabs","Abacavir 300mg, tablets, 60 Tabs",300mg,60,600,See DN-2064 (ID#:83469),16.44,0.27,21.27
"Stavudine 1mg/ml, powder for oral solution w/syringe, 200 ml","Stavudine 1mg/ml, powder for oral solution w/syringe, 200 ml",1mg/ml,200,6551,See DN-2064 (ID#:83469),1.34,0.01,18.93
"Abacavir 300mg, tablets, 60 Tabs","Abacavir 300mg, tablets, 60 Tabs",300mg,60,600,See DN-2073 (ID#:82362),16.44,0.27,21.27
"Lamivudine 150mg, tablets, 60 Tabs","Lamivudine 150mg, tablets, 60 Tabs",150mg,60,12080,503,2.33,0.04,60.68
"Emtricitabine/Tenofovir Disoproxil Fumarate 200/300mg, tablets, 30 Tabs","Emtricitabine/Tenofovir Disoproxil Fumarate 200/300mg, tablets, 30 Tabs",200/300mg,30,7987,See DN-2089 (ID#:83478),10.92,0.36,143.91
"Efavirenz 200mg, capsule, 90 Caps","Efavirenz 200mg, capsule, 90 Caps",200mg,90,680,See DN-2089 (ID#:83478),9.69,0.11,10.87
"Lamivudine 150mg, tablets, 60 Tabs","Lamivudine 150mg, tablets, 60 Tabs",150mg,60,22242,1207,2.33,0.04,111.73
"Emtricitabine/Tenofovir Disoproxil Fumarate 200/300mg, tablets, 30 Tabs","Emtricitabine/Tenofovir Disoproxil Fumarate 200/300mg, tablets, 30 Tabs",200/300mg,30,9920,See DN-2098 (ID#:83482),10.92,0.36,233.55
"Lamivudine 150mg, tablets, 60 Tabs","Lamivudine 150mg, tablets, 60 Tabs",150mg,60,5980,See DN-2113 (ID#:82937),2.33,0.04,30.04
"Stavudine 1mg/ml, powder for oral solution w/syringe, 200 ml","Stavudine 1mg/ml, powder for oral solution w/syringe, 200 ml",1mg/ml,200,600,See DN-2114 (ID#:83486),1.34,0.01,1.33
"Lamivudine/Nevirapine/Zidovudine 150/200/300mg, tablets, 60 Tabs","Lamivudine/Nevirapine/Zidovudine 150/200/300mg, tablets, 60 Tabs",150/300/200mg,60,8988,See DN-2121 (ID#:82370),11.22,0.19,217.42
"Tenofovir Disoproxil Fumarate 300mg, tablets, 30 Tabs","Tenofovir Disoproxil Fumarate 300mg, tablets, 30 Tabs",300mg,30,2240,6542,6.57,0.22,31.73
"Lamivudine/Nevirapine/Stavudine 150/200/30mg, tablets, 60 Tabs","Lamivudine/Nevirapine/Stavudine 150/200/30mg, tablets, 60 Tabs",150/200/30mg,60,66645,See DN-2127 (ID#:82371),5.56,0.09,798.9
"Nevirapine 200mg, tablets, 60 Tabs","Nevirapine 200mg, tablets, 60 Tabs",200mg,60,9073,2102,2.51,0.04,49.1
"Lamivudine/Stavudine 150/30mg, tablets, 60 Tabs","Lamivudine/Stavudine 150/30mg, tablets, 60 Tabs",150/30mg,60,1883,See DN-2128 (ID#:84624),3.2,0.05,12.99
"Lopinavir/Ritonavir 200/50mg [Aluvia], tablets, 120 Tabs","Lopinavir/Ritonavir 200/50mg [Aluvia], tablets, 120 Tabs",200/50mg,120,8000,1647,36.16,0.3,623.69
"Zidovudine 300mg, tablets, 60 Tabs","Zidovudine 300mg, tablets, 60 Tabs",300mg,60,46113,2534,7.21,0.12,548.58
"Lopinavir/Ritonavir 200/50mg [Aluvia], tablets, 120 Tabs","Lopinavir/Ritonavir 200/50mg [Aluvia], tablets, 120 Tabs",200/50mg,120,1320,276,36.16,0.3,102.91
"Lamivudine/Nevirapine/Zidovudine 150/200/300mg, tablets, 60 Tabs","Lamivudine/Nevirapine/Zidovudine 150/200/300mg, tablets, 60 Tabs",150/300/200mg,60,99957,See DN-2137 (ID#:83490),11.22,0.19,2417.99
"Didanosine 200mg, chewable/dispersible tablets, 60 Tabs","Didanosine 200mg, chewable/dispersible tablets, 60 Tabs",200mg,60,3008,See DN-2138 (ID#:83491),15.5,0.26,100.52
"Lamivudine/Zidovudine 150/300mg, tablets, 60 Tabs","Lamivudine/Zidovudine 150/300mg, tablets, 60 Tabs",150/300mg,60,15621,See DN-2138 (ID#:83491),8.55,0.14,287.95
"Abacavir 300mg, tablets, 60 Tabs","Abacavir 300mg, tablets, 60 Tabs",300mg,60,4875,2556,15.89,0.26,127.82
"Lamivudine 10mg/ml, oral solution w/syringe, Bottle, 240 ml","Lamivudine 10mg/ml, oral solution w/syringe, Bottle, 240 ml",10mg/ml,240,7420,See DN-2153 (ID#:82374),1.85,0.01,22.65
"Efavirenz 600mg, tablets, 30 Tabs","Efavirenz 600mg, tablets, 30 Tabs",600mg,30,4738,See DN-2151 (ID#:84068),4.22,0.14,32.99
"Efavirenz 200mg, capsule, 90 Caps","Efavirenz 200mg, capsule, 90 Caps",200mg,90,20,5,9.71,0.11,0.42
"Abacavir 300mg, tablets, 60 Tabs","Abacavir 300mg, tablets, 60 Tabs",300mg,60,2383,882,15.5,0.26,60.95
"Lamivudine 150mg, tablets, 60 Tabs","Lamivudine 150mg, tablets, 60 Tabs",150mg,60,2596,125,2.33,0.04,9.98
"Lamivudine/Nevirapine/Stavudine 150/200/30mg, tablets, 60 Tabs","Lamivudine/Nevirapine/Stavudine 150/200/30mg, tablets, 60 Tabs",150/200/30mg,60,88719,11668,5.56,0.09,1063.51
"Lamivudine/Nevirapine/Stavudine 150/200/30mg, tablets, 60 Tabs","Lamivudine/Nevirapine/Stavudine 150/200/30mg, tablets, 60 Tabs",150/200/30mg,60,22074,See DN-2181 (ID#:84640),5.56,0.09,264.61
"Efavirenz 200mg, capsule, 90 Caps","Efavirenz 200mg, capsule, 90 Caps",200mg,90,20,3,9.71,0.11,0.42
"Efavirenz/Emtricitabine/Tenofovir Disoproxil Fumarate 600/200/300mg, tablets, 30 Tabs","Efavirenz/Emtricitabine/Tenofovir Disoproxil Fumarate 600/200/300mg, tablets, 30 Tabs",600/200/300mg,30,6600,720,19.92,0.66,216.93
"Lamivudine/Tenofovir Disoproxil Fumarate 300/300mg, tablets, 30 Tabs","Lamivudine/Tenofovir Disoproxil Fumarate 300/300mg, tablets, 30 Tabs",300/300mg,30,2559,338,8.82,0.29,37.24
"Efavirenz 50mg, capsule, 30 Caps","Efavirenz 50mg, capsule, 30 Caps",50mg,30,4250,See DN-2203 (ID#:82949),2.24,0.07,20.53
"Nevirapine 10mg/ml, oral suspension w/syringe, Bottle, 240 ml","Nevirapine 10mg/ml, oral suspension w/syringe, Bottle, 240 ml",10mg/ml,240,600,239,1.95,0.01,1.93
"Lamivudine/Nevirapine/Stavudine 150/200/30mg, tablets, 60 Tabs","Lamivudine/Nevirapine/Stavudine 150/200/30mg, tablets, 60 Tabs",150/200/30mg,60,69207,See DN-2205 (ID#:82950),5.38,0.09,802.75
"Lamivudine/Tenofovir Disoproxil Fumarate 300/300mg, tablets, 30 Tabs","Lamivudine/Tenofovir Disoproxil Fumarate 300/300mg, tablets, 30 Tabs",300/300mg,30,10114,See DN-2205 (ID#:82950),8.63,0.29,188.18
"Nevirapine 200mg, tablets, 60 Tabs","Nevirapine 200mg, tablets, 60 Tabs",200mg,60,41142,2822,2.51,0.04,170.39
"Lamivudine/Nevirapine/Zidovudine 150/200/300mg, tablets, 60 Tabs","Lamivudine/Nevirapine/Zidovudine 150/200/300mg, tablets, 60 Tabs",150/300/200mg,60,53109,19464,11.22,0.19,983.21
"Lamivudine/Tenofovir Disoproxil Fumarate 300/300mg, tablets, 30 Tabs","Lamivudine/Tenofovir Disoproxil Fumarate 300/300mg, tablets, 30 Tabs",300/300mg,30,4545,See DN-2237 (ID#:82954),8.63,0.29,64.72
"Efavirenz 600mg, tablets, 30 Tabs","Efavirenz 600mg, tablets, 30 Tabs",600mg,30,575,See DN-2237 (ID#:82954),4.22,0.14,4
"Lamivudine/Nevirapine/Zidovudine 150/200/300mg, tablets, 60 Tabs","Lamivudine/Nevirapine/Zidovudine 150/200/300mg, tablets, 60 Tabs",150/300/200mg,60,2590,See DN-2237 (ID#:82954),11.22,0.19,47.95
"Nevirapine 10mg/ml, oral suspension w/syringe, Bottle, 240 ml","Nevirapine 10mg/ml, oral suspension w/syringe, Bottle, 240 ml",10mg/ml,240,14000,14413,1.95,0.01,45.04
"Nevirapine 10mg/ml, oral suspension, Bottle, 240 ml","Nevirapine 10mg/ml, oral suspension, Bottle, 240 ml",10mg/ml,240,20000,7482,1.8,0.01,59.4
"Tenofovir Disoproxil Fumarate 300mg, tablets, 30 Tabs","Tenofovir Disoproxil Fumarate 300mg, tablets, 30 Tabs",300mg,30,2011,126,6.57,0.22,21.8
"Efavirenz/Emtricitabine/Tenofovir Disoproxil Fumarate 600/200/300mg, tablets, 30 Tabs","Efavirenz/Emtricitabine/Tenofovir Disoproxil Fumarate 600/200/300mg, tablets, 30 Tabs",600/200/300mg,30,54375,11129,19.92,0.66,1787.2
"Tenofovir Disoproxil Fumarate 300mg, tablets, 30 Tabs","Tenofovir Disoproxil Fumarate 300mg, tablets, 30 Tabs",300mg,30,1086,90,6.42,0.21,11.5
"Abacavir 20mg/ml, oral solution, Bottle, 240 ml","Abacavir 20mg/ml, oral solution, Bottle, 240 ml",20mg/ml,240,1191,445,13.6,0.06,26.73
"Lamivudine/Zidovudine 150/300mg, tablets, 60 Tabs","Lamivudine/Zidovudine 150/300mg, tablets, 60 Tabs",150/300mg,60,39636,3666,8.55,0.14,559.16
"Lamivudine 10mg/ml, oral solution w/syringe, Bottle, 240 ml","Lamivudine 10mg/ml, oral solution w/syringe, Bottle, 240 ml",10mg/ml,240,5110,1840,1.93,0.01,16.27
"Lopinavir/Ritonavir 200/50mg [Aluvia], tablets, 120 Tabs","Lopinavir/Ritonavir 200/50mg [Aluvia], tablets, 120 Tabs",200/50mg,120,4389,880,33.74,0.28,244.34
"Nevirapine 200mg, tablets, 60 Tabs","Nevirapine 200mg, tablets, 60 Tabs",200mg,60,1890,183,2.58,0.04,8.05
"Lamivudine/Zidovudine 150/300mg, tablets, 60 Tabs","Lamivudine/Zidovudine 150/300mg, tablets, 60 Tabs",150/300mg,60,18958,See DN-2310 (ID#:82968),8.55,0.14,267.45
"Abacavir 20mg/ml, oral solution w/syringe, Bottle, 240 ml","Abacavir 20mg/ml, oral solution w/syringe, Bottle, 240 ml",20mg/ml,240,576,212,12.5,0.05,11.88
"Emtricitabine/Tenofovir Disoproxil Fumarate 200/300mg, tablets, 30 Tabs","Emtricitabine/Tenofovir Disoproxil Fumarate 200/300mg, tablets, 30 Tabs",200/300mg,30,169985,18994,9.8,0.33,2748.66
"Lamivudine/Zidovudine 150/300mg, tablets, 60 Tabs","Lamivudine/Zidovudine 150/300mg, tablets, 60 Tabs",150/300mg,60,176308,17967,8.26,0.14,2402.9
"Nevirapine 200mg, tablets, 60 Tabs","Nevirapine 200mg, tablets, 60 Tabs",200mg,60,164398,9988,2.51,0.04,680.85
"Lopinavir/Ritonavir 200/50mg, tablets, 120 Tabs","Lopinavir/Ritonavir 200/50mg, tablets, 120 Tabs",200/50mg,120,5410,See DN-2359 (ID#:84113),33.6,0.28,299.93
"Stavudine 15mg, capsules, 60 Caps","Stavudine 15mg, capsules, 60 Caps",15mg,60,21,294,1.32,0.02,0.05
"Efavirenz 600mg, tablets, 30 Tabs","Efavirenz 600mg, tablets, 30 Tabs",600mg,30,62231,3789,4.22,0.14,433.31
"Lamivudine/Nevirapine/Zidovudine 150/200/300mg, tablets, 60 Tabs","Lamivudine/Nevirapine/Zidovudine 150/200/300mg, tablets, 60 Tabs",150/300/200mg,60,19100,2237,11.22,0.19,353.6
"Efavirenz/Emtricitabine/Tenofovir Disoproxil Fumarate 600/200/300mg, tablets, 30 Tabs","Efavirenz/Emtricitabine/Tenofovir Disoproxil Fumarate 600/200/300mg, tablets, 30 Tabs",600/200/300mg,30,68235,83,19.92,0.66,2242.75
"Efavirenz 600mg, tablets, 30 Tabs","Efavirenz 600mg, tablets, 30 Tabs",600mg,30,72974,4471,4.32,0.14,520.16
"Lamivudine/Stavudine 150/30mg, tablets, 60 Tabs","Lamivudine/Stavudine 150/30mg, tablets, 60 Tabs",150/30mg,60,76,248,2.95,0.05,0.37
"Lamivudine/Tenofovir Disoproxil Fumarate 300/300mg, tablets, 30 Tabs","Lamivudine/Tenofovir Disoproxil Fumarate 300/300mg, tablets, 30 Tabs",300/300mg,30,18354,1794,8.23,0.27,249.24
"Lamivudine/Nevirapine/Zidovudine 30/50/60mg, dispersible tablets, 60 Tabs","Lamivudine/Nevirapine/Zidovudine 30/50/60mg, dispersible tablets, 60 Tabs",30/50/60mg,60,30060,1754,4.25,0.07,275.44
"Didanosine 200mg, chewable/dispersible tablets, 60 Tabs","Didanosine 200mg, chewable/dispersible tablets, 60 Tabs",200mg,60,5184,1103,15,0.25,128.3
"Tenofovir Disoproxil Fumarate 300mg, tablets, 30 Tabs","Tenofovir Disoproxil Fumarate 300mg, tablets, 30 Tabs",300mg,30,3040,See DN-2420 (ID#:82989),6.42,0.21,32.2
"Lamivudine/Nevirapine/Zidovudine 150/200/300mg, tablets, 60 Tabs","Lamivudine/Nevirapine/Zidovudine 150/200/300mg, tablets, 60 Tabs",150/300/200mg,60,45113,5856,11.22,0.19,835.18
"Zidovudine 300mg, tablets, 60 Tabs","Zidovudine 300mg, tablets, 60 Tabs",300mg,60,6376,639,7.02,0.12,73.85
"Lamivudine/Zidovudine 150/300mg, tablets, 60 Tabs","Lamivudine/Zidovudine 150/300mg, tablets, 60 Tabs",150/300mg,60,1529,See DN-2435 (ID#:84121),8.26,0.14,20.84
"Efavirenz 600mg, tablets, 30 Tabs","Efavirenz 600mg, tablets, 30 Tabs",600mg,30,15802,1086,4.22,0.14,110.03
"Lamivudine/Nevirapine/Zidovudine 150/200/300mg, tablets, 60 Tabs","Lamivudine/Nevirapine/Zidovudine 150/200/300mg, tablets, 60 Tabs",150/300/200mg,60,45042,See DN-2465 (ID#:82426),11.22,0.19,833.86
"Lamivudine/Zidovudine 150/300mg, tablets, 60 Tabs","Lamivudine/Zidovudine 150/300mg, tablets, 60 Tabs",150/300mg,60,57061,See DN-2469 (ID#:82427),8.26,0.14,777.68
"Emtricitabine/Tenofovir Disoproxil Fumarate 200/300mg, tablets, 30 Tabs","Emtricitabine/Tenofovir Disoproxil Fumarate 200/300mg, tablets, 30 Tabs",200/300mg,30,113925,9875,8.97,0.3,1686.15
"Abacavir 300mg, tablets, 60 Tabs","Abacavir 300mg, tablets, 60 Tabs",300mg,60,23940,1500,14.63,0.24,577.9
"Efavirenz 600mg, tablets, 30 Tabs","Efavirenz 600mg, tablets, 30 Tabs",600mg,30,27,See DN-2494 (ID#:82433),4.12,0.14,0.16
"Lamivudine/Nevirapine/Zidovudine 150/200/300mg, tablets, 60 Tabs","Lamivudine/Nevirapine/Zidovudine 150/200/300mg, tablets, 60 Tabs",150/300/200mg,60,226,See DN-2494 (ID#:82433),11,0.18,3.49
"Lopinavir/Ritonavir 200/50mg, tablets, 120 Tabs","Lopinavir/Ritonavir 200/50mg, tablets, 120 Tabs",200/50mg,120,20,See DN-2494 (ID#:82433),33.74,0.28,0.95
"Abacavir 300mg, tablets, 60 Tabs","Abacavir 300mg, tablets, 60 Tabs",300mg,60,23,See DN-2495 (ID#:83555),14.63,0.24,0.47
"Efavirenz 600mg, tablets, 30 Tabs","Efavirenz 600mg, tablets, 30 Tabs",600mg,30,19,See DN-2496 (ID#:82434),4.12,0.14,0.11
"Lopinavir/Ritonavir 200/50mg, tablets, 120 Tabs","Lopinavir/Ritonavir 200/50mg, tablets, 120 Tabs",200/50mg,120,17,See DN-2496 (ID#:82434),33.74,0.28,0.8
"Nevirapine 200mg, tablets, 60 Tabs","Nevirapine 200mg, tablets, 60 Tabs",200mg,60,40,See DN-2496 (ID#:82434),2.58,0.04,0.14
"Abacavir 300mg, tablets, 60 Tabs","Abacavir 300mg, tablets, 60 Tabs",300mg,60,9,See DN-2497 (ID#:82435),14.63,0.24,0.18
"Lamivudine/Zidovudine 150/300mg, tablets, 60 Tabs","Lamivudine/Zidovudine 150/300mg, tablets, 60 Tabs",150/300mg,60,45,See DN-2498 (ID#:83002),8.26,0.14,0.52
"Lopinavir/Ritonavir 200/50mg, tablets, 120 Tabs","Lopinavir/Ritonavir 200/50mg, tablets, 120 Tabs",200/50mg,120,9,See DN-2498 (ID#:83002),33.74,0.28,0.43
"Lamivudine/Nevirapine/Zidovudine 150/200/300mg, tablets, 60 Tabs","Lamivudine/Nevirapine/Zidovudine 150/200/300mg, tablets, 60 Tabs",150/300/200mg,60,680,See DN-2499 (ID#:83004),11,0.18,10.49
"Abacavir 300mg, tablets, 60 Tabs","Abacavir 300mg, tablets, 60 Tabs",300mg,60,6985,718,13.15,0.22,128.78
"Lamivudine/Tenofovir Disoproxil Fumarate 300/300mg, tablets, 30 Tabs","Lamivudine/Tenofovir Disoproxil Fumarate 300/300mg, tablets, 30 Tabs",300/300mg,30,45,See DN-2511 (ID#:83563),6.08,0.2,0.38
"Lamivudine/Nevirapine/Stavudine 150/200/30mg, tablets, 60 Tabs","Lamivudine/Nevirapine/Stavudine 150/200/30mg, tablets, 60 Tabs",150/200/30mg,60,180,37,5.38,0.09,1.36
"Lamivudine 150mg, tablets, 60 Tabs","Lamivudine 150mg, tablets, 60 Tabs",150mg,60,43,2,2.33,0.04,0.14
"Lamivudine 150mg, tablets, 60 Tabs","Lamivudine 150mg, tablets, 60 Tabs",150mg,60,23,1,2.33,0.04,0.08
"Lamivudine 150mg, tablets, 60 Tabs","Lamivudine 150mg, tablets, 60 Tabs",150mg,60,24,2,2.33,0.04,0.08
"Lamivudine/Nevirapine/Zidovudine 150/200/300mg, tablets, 60 Tabs","Lamivudine/Nevirapine/Zidovudine 150/200/300mg, tablets, 60 Tabs",150/300/200mg,60,66672,See DN-2535 (ID#:83011),11,0.18,1028.22
"Emtricitabine/Tenofovir Disoproxil Fumarate 200/300mg, tablets, 30 Tabs","Emtricitabine/Tenofovir Disoproxil Fumarate 200/300mg, tablets, 30 Tabs",200/300mg,30,10760,See DN-2551 (ID#:82452),8.75,0.29,155.35
"Efavirenz 600mg, tablets, 30 Tabs","Efavirenz 600mg, tablets, 30 Tabs",600mg,30,137269,8474,4.22,0.14,955.8
"Efavirenz 600mg, tablets, 30 Tabs","Efavirenz 600mg, tablets, 30 Tabs",600mg,30,27000,See DN-2594 (ID#:83021),4.12,0.14,155.96
"Lamivudine 10mg/ml, oral solution w/syringe, Bottle, 240 ml","Lamivudine 10mg/ml, oral solution w/syringe, Bottle, 240 ml",10mg/ml,240,240,See DN-2595 (ID#:83577),1.85,0.01,0.62
"Lamivudine/Zidovudine 150/300mg, tablets, 60 Tabs","Lamivudine/Zidovudine 150/300mg, tablets, 60 Tabs",150/300mg,60,150446,See DN-2598 (ID#:82465),8.26,0.14,2050.43
"Efavirenz 600mg, tablets, 30 Tabs","Efavirenz 600mg, tablets, 30 Tabs",600mg,30,24657,1511,4.12,0.14,167.62
"Efavirenz/Emtricitabine/Tenofovir Disoproxil Fumarate 600/200/300mg, tablets, 30 Tabs","Efavirenz/Emtricitabine/Tenofovir Disoproxil Fumarate 600/200/300mg, tablets, 30 Tabs",600/200/300mg,30,11852,1342,16.73,0.56,277.99
"Lamivudine/Zidovudine 150/300mg, tablets, 60 Tabs","Lamivudine/Zidovudine 150/300mg, tablets, 60 Tabs",150/300mg,60,3345,See DN-2621 (ID#:83583),8.26,0.14,45.59
"Didanosine 200mg, delayed-release capsules, 30 Caps","Didanosine 200mg, delayed-release capsules, 30 Caps",200mg,30,3765,See DN-2623 (ID#:83027),11,0.37,58.06
"Efavirenz 200mg, capsule, 90 Caps","Efavirenz 200mg, capsule, 90 Caps",200mg,90,487,66,8.64,0.1,5.9
"Zidovudine 10mg/ml, oral solution w/syringe, Bottle, 240 ml","Zidovudine 10mg/ml, oral solution w/syringe, Bottle, 240 ml",10mg/ml,240,1100,See DN-2639 (ID#:83588),2.1,0.01,3.24
"Tenofovir Disoproxil Fumarate 300mg, tablets, 30 Tabs","Tenofovir Disoproxil Fumarate 300mg, tablets, 30 Tabs",300mg,30,150,See DN-2640 (ID#:83589),5.5,0.18,1.16
"Efavirenz 600mg, tablets, 30 Tabs","Efavirenz 600mg, tablets, 30 Tabs",600mg,30,2000,See DN-2798 (ID#:83065),3.91,0.13,10.96
"Lamivudine/Tenofovir Disoproxil Fumarate 300/300mg, tablets, 30 Tabs","Lamivudine/Tenofovir Disoproxil Fumarate 300/300mg, tablets, 30 Tabs",300/300mg,30,140273,11734,5.54,0.18,1089.51
"Efavirenz 600mg, tablets, 30 Tabs","Efavirenz 600mg, tablets, 30 Tabs",600mg,30,24126,1444,3.91,0.13,132.25
"Abacavir 20mg/ml, oral solution, Bottle, 240 ml","Abacavir 20mg/ml, oral solution, Bottle, 240 ml",20mg/ml,240,1004,1,8.5,0.04,11.96
"Lamivudine/Nevirapine/Stavudine 150/200/30mg, tablets, 60 Tabs","Lamivudine/Nevirapine/Stavudine 150/200/30mg, tablets, 60 Tabs",150/200/30mg,60,4050,Weight Captured Separately,4.7,0.08,31.41
"Lamivudine/Zidovudine 150/300mg, tablets, 60 Tabs","Lamivudine/Zidovudine 150/300mg, tablets, 60 Tabs",150/300mg,60,30480,698,7.78,0.13,332.46
"Nevirapine 200mg, tablets, 60 Tabs","Nevirapine 200mg, tablets, 60 Tabs",200mg,60,12974,See DN-2675 (ID#:83038),2.44,0.04,44.38
"Lamivudine/Nevirapine/Stavudine 150/200/30mg, tablets, 60 Tabs","Lamivudine/Nevirapine/Stavudine 150/200/30mg, tablets, 60 Tabs",150/200/30mg,60,4050,Weight Captured Separately,4.7,0.08,31.41
"Abacavir 300mg, tablets, 60 Tabs","Abacavir 300mg, tablets, 60 Tabs",300mg,60,12000,1239,13.15,0.22,221.24
"Zidovudine 300mg, tablets, 60 Tabs","Zidovudine 300mg, tablets, 60 Tabs",300mg,60,852,46,6.81,0.11,8.13
"Lamivudine/Nevirapine/Zidovudine 150/200/300mg, tablets, 60 Tabs","Lamivudine/Nevirapine/Zidovudine 150/200/300mg, tablets, 60 Tabs",150/300/200mg,60,11574,See DN-2694 (ID#:82483),10.29,0.17,196.51
"Emtricitabine/Tenofovir Disoproxil Fumarate 200/300mg, tablets, 30 Tabs","Emtricitabine/Tenofovir Disoproxil Fumarate 200/300mg, tablets, 30 Tabs",200/300mg,30,53000,5252,7.11,0.24,528.32
"Lamivudine/Tenofovir Disoproxil Fumarate 300/300mg, tablets, 30 Tabs","Lamivudine/Tenofovir Disoproxil Fumarate 300/300mg, tablets, 30 Tabs",300/300mg,30,78082,See DN-2741 (ID#:84180),5.36,0.18,690.56
"Efavirenz/Emtricitabine/Tenofovir Disoproxil Fumarate 600/200/300mg, tablets, 30 Tabs","Efavirenz/Emtricitabine/Tenofovir Disoproxil Fumarate 600/200/300mg, tablets, 30 Tabs",600/200/300mg,30,6150,See DN-2744 (ID#:82490),15.04,0.5,129.68
"Tenofovir Disoproxil Fumarate 300mg, tablets, 30 Tabs","Tenofovir Disoproxil Fumarate 300mg, tablets, 30 Tabs",300mg,30,804,See DN-2744 (ID#:82490),4.82,0.16,5.43
"Nevirapine 200mg, tablets, 60 Tabs","Nevirapine 200mg, tablets, 60 Tabs",200mg,60,16947,1956,2.42,0.04,57.5
"Lamivudine/Zidovudine 150/300mg, tablets, 60 Tabs","Lamivudine/Zidovudine 150/300mg, tablets, 60 Tabs",150/300mg,60,336,27,7.78,0.13,3.66
"Lamivudine/Zidovudine 150/300mg, tablets, 60 Tabs","Lamivudine/Zidovudine 150/300mg, tablets, 60 Tabs",150/300mg,60,12616,See DN-2791 (ID#:83064),8,0.13,141.5
"Emtricitabine/Tenofovir Disoproxil Fumarate 200/300mg, tablets, 30 Tabs","Emtricitabine/Tenofovir Disoproxil Fumarate 200/300mg, tablets, 30 Tabs",200/300mg,30,41665,5110,7.11,0.24,415.33
"Abacavir/Lamivudine/Zidovudine 300/150/300mg, tablets, 60 Tabs","Abacavir/Lamivudine/Zidovudine 300/150/300mg, tablets, 60 Tabs",300/150/300mg,60,2050,312,28,0.47,80.47
"Lopinavir/Ritonavir 200/50mg, tablets, 120 Tabs","Lopinavir/Ritonavir 200/50mg, tablets, 120 Tabs",200/50mg,120,13033,See DN-2809 (ID#:83616),29.31,0.24,535.56
"Nevirapine 200mg, tablets, 60 Tabs","Nevirapine 200mg, tablets, 60 Tabs",200mg,60,739,See DN-2812 (ID#:83068),2.44,0.04,2.53
"Efavirenz/Lamivudine/Tenofovir Disoproxil Fumarate 600/300/300mg, tablets, 30 Tabs","Efavirenz/Lamivudine/Tenofovir Disoproxil Fumarate 600/300/300mg, tablets, 30 Tabs",600/300/300mg,30,40230,4525,13.27,0.44,748.46
"Lamivudine/Zidovudine 150/300mg, tablets, 60 Tabs","Lamivudine/Zidovudine 150/300mg, tablets, 60 Tabs",150/300mg,60,5154,429,7.72,0.13,55.78
"Lamivudine/Nevirapine/Zidovudine 150/200/300mg, tablets, 60 Tabs","Lamivudine/Nevirapine/Zidovudine 150/200/300mg, tablets, 60 Tabs",150/300/200mg,60,75000,14413,9.81,0.16,1031.52
"Lamivudine/Zidovudine 150/300mg, tablets, 60 Tabs","Lamivudine/Zidovudine 150/300mg, tablets, 60 Tabs",150/300mg,60,147230,See DN-2820 (ID#:82503),7.72,0.13,1593.54
"Efavirenz 600mg, tablets, 30 Tabs","Efavirenz 600mg, tablets, 30 Tabs",600mg,30,90000,7867,3.81,0.13,480.75
"Nevirapine 200mg, tablets, 60 Tabs","Nevirapine 200mg, tablets, 60 Tabs",200mg,60,36000,2026,2.44,0.04,123.15
"Nevirapine 200mg, tablets, 60 Tabs","Nevirapine 200mg, tablets, 60 Tabs",200mg,60,635,1779,2.44,0.04,2.17
"Nevirapine 200mg, tablets, 60 Tabs","Nevirapine 200mg, tablets, 60 Tabs",200mg,60,60794,6003,2.42,0.04,206.26
"Efavirenz 600mg, tablets, 30 Tabs","Efavirenz 600mg, tablets, 30 Tabs",600mg,30,34760,3367,3.81,0.13,185.67
"Efavirenz 600mg, tablets, 30 Tabs","Efavirenz 600mg, tablets, 30 Tabs",600mg,30,5308,See DN-2851 (ID#:84753),3.81,0.13,28.35
"Lopinavir/Ritonavir 200/50mg, tablets, 120 Tabs","Lopinavir/Ritonavir 200/50mg, tablets, 120 Tabs",200/50mg,120,965,See DN-2853 (ID#:83080),29.68,0.25,40.15
"Efavirenz 600mg, tablets, 30 Tabs","Efavirenz 600mg, tablets, 30 Tabs",600mg,30,22122,1409,3.81,0.13,118.17
"Nevirapine 200mg, tablets, 60 Tabs","Nevirapine 200mg, tablets, 60 Tabs",200mg,60,100000,See DN-2865 (ID#:82514),2.42,0.04,339.28
"Lamivudine/Zidovudine 150/300mg, tablets, 60 Tabs","Lamivudine/Zidovudine 150/300mg, tablets, 60 Tabs",150/300mg,60,7126,See DN-2873 (ID#:82515),7.72,0.13,77.13
"Abacavir 300mg, tablets, 60 Tabs","Abacavir 300mg, tablets, 60 Tabs",300mg,60,13784,See DN-2883 (ID#:83630),12.96,0.22,250.45
"Lamivudine/Nevirapine/Stavudine 30/50/6mg, dispersible tablets, 60 Tabs","Lamivudine/Nevirapine/Stavudine 30/50/6mg, dispersible tablets, 60 Tabs",30/50/6mg,60,1975,See DN-2889 (ID#:83631),2.3,0.04,6.37
"Efavirenz 600mg, tablets, 30 Tabs","Efavirenz 600mg, tablets, 30 Tabs",600mg,30,120954,11369,3.64,0.12,617.26
"Efavirenz 200mg, capsule, 90 Caps","Efavirenz 200mg, capsule, 90 Caps",200mg,90,2548,370,8.26,0.09,29.51
"Lamivudine 150mg, tablets, 60 Tabs","Lamivudine 150mg, tablets, 60 Tabs",150mg,60,12847,798,2.16,0.04,38.9
"Lamivudine/Zidovudine 30/60mg, tablets, 60 Tabs","Lamivudine/Zidovudine 30/60mg, tablets, 60 Tabs",30/60mg,60,53733,2232,2.76,0.05,207.92
"Lamivudine/Tenofovir Disoproxil Fumarate 300/300mg, tablets, 30 Tabs","Lamivudine/Tenofovir Disoproxil Fumarate 300/300mg, tablets, 30 Tabs",300/300mg,30,22783,See DN-2921 (ID#:82527),5.36,0.18,171.21
"Abacavir 300mg, tablets, 60 Tabs","Abacavir 300mg, tablets, 60 Tabs",300mg,60,2067,220,12.96,0.22,37.56
"Zidovudine 300mg, tablets, 60 Tabs","Zidovudine 300mg, tablets, 60 Tabs",300mg,60,35061,2247,6.76,0.11,391.07
"Abacavir 300mg, tablets, 60 Tabs","Abacavir 300mg, tablets, 60 Tabs",300mg,60,1980,See DN-2934 (ID#:83094),12.96,0.22,31.74
"Lamivudine/Nevirapine/Zidovudine 150/200/300mg, tablets, 60 Tabs","Lamivudine/Nevirapine/Zidovudine 150/200/300mg, tablets, 60 Tabs",150/300/200mg,60,9696,See DN-2934 (ID#:83094),9.62,0.16,115.38
"Lamivudine/Zidovudine 150/300mg, tablets, 60 Tabs","Lamivudine/Zidovudine 150/300mg, tablets, 60 Tabs",150/300mg,60,36180,2907,7.72,0.13,391.59
"Nevirapine 200mg, tablets, 60 Tabs","Nevirapine 200mg, tablets, 60 Tabs",200mg,60,728,See DN-2946 (ID#:82531),2.42,0.04,2.47
"Nevirapine 200mg, tablets, 60 Tabs","Nevirapine 200mg, tablets, 60 Tabs",200mg,60,35011,See DN-2946 (ID#:82531),2.42,0.04,118.79
"Nevirapine 200mg, tablets, 60 Tabs","Nevirapine 200mg, tablets, 60 Tabs",200mg,60,4290,See DN-2951 (ID#:82532),2.42,0.04,14.56
"Lamivudine/Tenofovir Disoproxil Fumarate 300/300mg, tablets, 30 Tabs","Lamivudine/Tenofovir Disoproxil Fumarate 300/300mg, tablets, 30 Tabs",300/300mg,30,149952,See DN-2945 (ID#:82533),5.36,0.18,1126.85
"Efavirenz 600mg, tablets, 30 Tabs","Efavirenz 600mg, tablets, 30 Tabs",600mg,30,7640,See DN-2954 (ID#:82534),3.64,0.12,38.99
"Lamivudine/Nevirapine/Stavudine 60/100/12mg, dispersible tablets, 60 Tabs","Lamivudine/Nevirapine/Stavudine 60/100/12mg, dispersible tablets, 60 Tabs",60/100/12mg,60,10727,945,4.3,0.07,64.67
"Lamivudine 150mg, tablets, 60 Tabs","Lamivudine 150mg, tablets, 60 Tabs",150mg,60,70647,4067,2.22,0.04,219.88
"Lamivudine/Nevirapine/Zidovudine 30/50/60mg, dispersible tablets, 60 Tabs","Lamivudine/Nevirapine/Zidovudine 30/50/60mg, dispersible tablets, 60 Tabs",30/50/60mg,60,5701,338,4.15,0.07,33.17
"Lamivudine/Zidovudine 150/300mg, tablets, 60 Tabs","Lamivudine/Zidovudine 150/300mg, tablets, 60 Tabs",150/300mg,60,1485,See DN-2952 (ID#:82537),7.72,0.13,16.07
"Efavirenz 600mg, tablets, 30 Tabs","Efavirenz 600mg, tablets, 30 Tabs",600mg,30,636,See DN-2989 (ID#:84216),3.56,0.12,3.17
"Lamivudine/Zidovudine 150/300mg, tablets, 60 Tabs","Lamivudine/Zidovudine 150/300mg, tablets, 60 Tabs",150/300mg,60,3600,See DN-2989 (ID#:84216),7.27,0.12,36.69
"Lamivudine/Tenofovir Disoproxil Fumarate 300/300mg, tablets, 30 Tabs","Lamivudine/Tenofovir Disoproxil Fumarate 300/300mg, tablets, 30 Tabs",300/300mg,30,119481,See DN-2989 (ID#:84216),4.81,0.16,805.73
"Emtricitabine/Tenofovir Disoproxil Fumarate 200/300mg, tablets, 30 Tabs","Emtricitabine/Tenofovir Disoproxil Fumarate 200/300mg, tablets, 30 Tabs",200/300mg,30,8326,See DN-2994 (ID#:82541),6.38,0.21,74.47
"Nevirapine 200mg, tablets, 60 Tabs","Nevirapine 200mg, tablets, 60 Tabs",200mg,60,49295,12032,2.31,0.04,159.65
"Lopinavir/Ritonavir 200/50mg, tablets, 120 Tabs","Lopinavir/Ritonavir 200/50mg, tablets, 120 Tabs",200/50mg,120,12440,See DN-3001 (ID#:83651),24.76,0.21,381.01
"Tenofovir Disoproxil Fumarate 300mg, tablets, 30 Tabs","Tenofovir Disoproxil Fumarate 300mg, tablets, 30 Tabs",300mg,30,240,See DN-3001 (ID#:83651),4.04,0.13,1.2
"Lamivudine/Nevirapine/Stavudine 30/50/6mg, dispersible tablets, 60 Tabs","Lamivudine/Nevirapine/Stavudine 30/50/6mg, dispersible tablets, 60 Tabs",30/50/6mg,60,562,See DN-3014 (ID#:83655),2.3,0.04,1.6
"Efavirenz 600mg, tablets, 30 Tabs","Efavirenz 600mg, tablets, 30 Tabs",600mg,30,30000,See DN-3023 (ID#:83111),3.33,0.11,140.06
"Lamivudine/Zidovudine 150/300mg, tablets, 60 Tabs","Lamivudine/Zidovudine 150/300mg, tablets, 60 Tabs",150/300mg,60,3600,See DN-3030 (ID#:82549),7.27,0.12,36.69
"Nevirapine 200mg, tablets, 60 Tabs","Nevirapine 200mg, tablets, 60 Tabs",200mg,60,176693,See DN-3030 (ID#:82549),2.26,0.04,559.86
"Lamivudine/Zidovudine 150/300mg, tablets, 60 Tabs","Lamivudine/Zidovudine 150/300mg, tablets, 60 Tabs",150/300mg,60,25680,3988,7.27,0.12,230.94
"Stavudine 15mg, capsules, 60 Caps","Stavudine 15mg, capsules, 60 Caps",15mg,60,216,165,1.32,0.02,0.35
"Lamivudine 150mg, tablets, 60 Tabs","Lamivudine 150mg, tablets, 60 Tabs",150mg,60,1980,See DN-3015 (ID#:82554),1.99,0.03,4.87
"Lamivudine/Zidovudine 30/60mg, tablets, 60 Tabs","Lamivudine/Zidovudine 30/60mg, tablets, 60 Tabs",30/60mg,60,7392,See DN-3015 (ID#:82554),2.26,0.04,20.67
"Tenofovir Disoproxil Fumarate 300mg, tablets, 30 Tabs","Tenofovir Disoproxil Fumarate 300mg, tablets, 30 Tabs",300mg,30,4500,See DN-3046 (ID#:83119),4.04,0.13,25.49
"Nevirapine 200mg, tablets, 60 Tabs","Nevirapine 200mg, tablets, 60 Tabs",200mg,60,40869,2520,2.26,0.04,114.25
"Nevirapine 200mg, tablets, 60 Tabs","Nevirapine 200mg, tablets, 60 Tabs",200mg,60,40000,2452,2.31,0.04,114.3
"Zidovudine 300mg, tablets, 60 Tabs","Zidovudine 300mg, tablets, 60 Tabs",300mg,60,1300,77,6.41,0.11,10.31
"Efavirenz/Lamivudine/Tenofovir Disoproxil Fumarate 600/300/300mg, tablets, 30 Tabs","Efavirenz/Lamivudine/Tenofovir Disoproxil Fumarate 600/300/300mg, tablets, 30 Tabs",600/300/300mg,30,20160,2268,12.11,0.4,302
"Efavirenz/Lamivudine/Tenofovir Disoproxil Fumarate 600/300/300mg, tablets, 30 Tabs","Efavirenz/Lamivudine/Tenofovir Disoproxil Fumarate 600/300/300mg, tablets, 30 Tabs",600/300/300mg,30,97351,11667,12.11,0.4,1652.85
"Nevirapine 200mg, tablets, 60 Tabs","Nevirapine 200mg, tablets, 60 Tabs",200mg,60,1276,See DN-3069 (ID#:83124),2.26,0.04,3.57
"Efavirenz 200mg, scored tablets, 90 Tabs","Efavirenz 200mg, scored tablets, 90 Tabs",200mg,90,66,See DN-3080 (ID#:82562),7.3,0.08,0.6
"Abacavir 20mg/ml, oral solution w/syringe, Bottle, 240 ml","Abacavir 20mg/ml, oral solution w/syringe, Bottle, 240 ml",20mg/ml,240,442,118,12.08,0.05,6.6
"Lamivudine 10mg/ml, oral solution w/syringe, Bottle, 240 ml","Lamivudine 10mg/ml, oral solution w/syringe, Bottle, 240 ml",10mg/ml,240,552,See DN-3096 (ID#:83671),1.85,0.01,1.26
"Lamivudine/Nevirapine/Zidovudine 30/50/60mg, dispersible tablets, 60 Tabs","Lamivudine/Nevirapine/Zidovudine 30/50/60mg, dispersible tablets, 60 Tabs",30/50/60mg,60,1152,78,4.15,0.07,5.91
"Lamivudine/Zidovudine 150/300mg, tablets, 60 Tabs","Lamivudine/Zidovudine 150/300mg, tablets, 60 Tabs",150/300mg,60,86152,See DN-3075 (ID#:83129),7.27,0.12,878.11
"Nevirapine 10mg/ml, oral suspension w/syringe, Bottle, 240 ml","Nevirapine 10mg/ml, oral suspension w/syringe, Bottle, 240 ml",10mg/ml,240,583,See DN-3099 (ID#:82566),1.95,0.01,1.41
"Lamivudine/Stavudine 150/30mg, tablets, 60 Tabs","Lamivudine/Stavudine 150/30mg, tablets, 60 Tabs",150/30mg,60,8807,See DN-3108 (ID#:82568),2.6,0.04,28.33
"Lamivudine/Zidovudine 150/300mg, tablets, 60 Tabs","Lamivudine/Zidovudine 150/300mg, tablets, 60 Tabs",150/300mg,60,100000,36920,7.27,0.12,899.3
"Tenofovir Disoproxil Fumarate 300mg, tablets, 30 Tabs","Tenofovir Disoproxil Fumarate 300mg, tablets, 30 Tabs",300mg,30,192,See DN-3122 (ID#:82570),4.04,0.13,0.96
"Lamivudine/Tenofovir Disoproxil Fumarate 300/300mg, tablets, 30 Tabs","Lamivudine/Tenofovir Disoproxil Fumarate 300/300mg, tablets, 30 Tabs",300/300mg,30,1613,See DN-3121 (ID#:83677),4.7,0.16,9.38
"Lamivudine/Tenofovir Disoproxil Fumarate 300/300mg, tablets, 30 Tabs","Lamivudine/Tenofovir Disoproxil Fumarate 300/300mg, tablets, 30 Tabs",300/300mg,30,100000,See DN-3131 (ID#:83136),4.7,0.16,581.39
"Lamivudine 150mg, tablets, 60 Tabs","Lamivudine 150mg, tablets, 60 Tabs",150mg,60,270,15,1.99,0.03,0.66
"Efavirenz 600mg, tablets, 30 Tabs","Efavirenz 600mg, tablets, 30 Tabs",600mg,30,80000,4847,3.33,0.11,329.54
"Lamivudine/Zidovudine 150/300mg, tablets, 60 Tabs","Lamivudine/Zidovudine 150/300mg, tablets, 60 Tabs",150/300mg,60,3173,See DN-3153 (ID#:82575),7,0.12,27.48
"Lamivudine/Nevirapine/Stavudine 60/100/12mg, dispersible tablets, 60 Tabs","Lamivudine/Nevirapine/Stavudine 60/100/12mg, dispersible tablets, 60 Tabs",60/100/12mg,60,12106,See DN-3155 (ID#:84260),4.3,0.07,64.39
"Efavirenz/Emtricitabine/Tenofovir Disoproxil Fumarate 600/200/300mg, tablets, 30 Tabs","Efavirenz/Emtricitabine/Tenofovir Disoproxil Fumarate 600/200/300mg, tablets, 30 Tabs",600/200/300mg,30,249965,28182,12.96,0.43,4541.84
"Efavirenz/Lamivudine/Tenofovir Disoproxil Fumarate 600/300/300mg, tablets, 30 Tabs","Efavirenz/Lamivudine/Tenofovir Disoproxil Fumarate 600/300/300mg, tablets, 30 Tabs",600/300/300mg,30,100000,14783,10.52,0.35,1301.32
"Lamivudine/Zidovudine 150/300mg, tablets, 60 Tabs","Lamivudine/Zidovudine 150/300mg, tablets, 60 Tabs",150/300mg,60,87384,See DN-3186 (ID#:83688),7,0.12,857.59
"Efavirenz/Lamivudine/Tenofovir Disoproxil Fumarate 600/300/300mg, tablets, 30 Tabs","Efavirenz/Lamivudine/Tenofovir Disoproxil Fumarate 600/300/300mg, tablets, 30 Tabs",600/300/300mg,30,7044,Weight Captured Separately,10.52,0.35,91.67
"Efavirenz 600mg, tablets, 30 Tabs","Efavirenz 600mg, tablets, 30 Tabs",600mg,30,63610,See DN-3199 (ID#:84270),3.33,0.11,262.02
"Efavirenz/Lamivudine/Tenofovir Disoproxil Fumarate 600/300/300mg, tablets, 30 Tabs","Efavirenz/Lamivudine/Tenofovir Disoproxil Fumarate 600/300/300mg, tablets, 30 Tabs",600/300/300mg,30,46600,6107,10.52,0.35,687.31
"Nevirapine 200mg, tablets, 60 Tabs","Nevirapine 200mg, tablets, 60 Tabs",200mg,60,120000,11419,2.26,0.04,335.47
"Lopinavir/Ritonavir 200/50mg, tablets, 120 Tabs","Lopinavir/Ritonavir 200/50mg, tablets, 120 Tabs",200/50mg,120,3831,1094,21.78,0.18,103.21
"Efavirenz/Lamivudine/Tenofovir Disoproxil Fumarate 600/300/300mg, tablets, 30 Tabs","Efavirenz/Lamivudine/Tenofovir Disoproxil Fumarate 600/300/300mg, tablets, 30 Tabs",600/300/300mg,30,10415,1400,10.52,0.35,135.53
"Lamivudine/Tenofovir Disoproxil Fumarate 300/300mg, tablets, 30 Tabs","Lamivudine/Tenofovir Disoproxil Fumarate 300/300mg, tablets, 30 Tabs",300/300mg,30,5800,See DN-3228 (ID#:82588),4.7,0.16,33.72
"Lamivudine/Nevirapine/Zidovudine 150/200/300mg, tablets, 60 Tabs","Lamivudine/Nevirapine/Zidovudine 150/200/300mg, tablets, 60 Tabs",150/300/200mg,60,70000,See DN-3227 (ID#:82589),8.58,0.14,742.94
"Nevirapine 200mg, tablets, 60 Tabs","Nevirapine 200mg, tablets, 60 Tabs",200mg,60,23090,394,2.26,0.04,64.55
"Tenofovir Disoproxil Fumarate 300mg, tablets, 30 Tabs","Tenofovir Disoproxil Fumarate 300mg, tablets, 30 Tabs",300mg,30,3000,188,4.04,0.13,14.99
"Tenofovir Disoproxil Fumarate 300mg, tablets, 30 Tabs","Tenofovir Disoproxil Fumarate 300mg, tablets, 30 Tabs",300mg,30,1644,97,4.04,0.13,8.22
"Lopinavir/Ritonavir 200/50mg, tablets, 120 Tabs","Lopinavir/Ritonavir 200/50mg, tablets, 120 Tabs",200/50mg,120,63353,32671,21,0.18,1645.72
"Lopinavir/Ritonavir 200/50mg, tablets, 120 Tabs","Lopinavir/Ritonavir 200/50mg, tablets, 120 Tabs",200/50mg,120,6000,Weight Captured Separately,21,0.18,155.86
"Lopinavir/Ritonavir 200/50mg, tablets, 120 Tabs","Lopinavir/Ritonavir 200/50mg, tablets, 120 Tabs",200/50mg,120,43169,Weight Captured Separately,21,0.18,1121.4
"Nevirapine 200mg, tablets, 60 Tabs","Nevirapine 200mg, tablets, 60 Tabs",200mg,60,225,81,2.26,0.04,0.63
"Lamivudine/Nevirapine/Zidovudine 150/200/300mg, tablets, 60 Tabs","Lamivudine/Nevirapine/Zidovudine 150/200/300mg, tablets, 60 Tabs",150/300/200mg,60,960,111,8.29,0.14,9.84
"Lopinavir/Ritonavir 200/50mg [Aluvia], tablets, 120 Tabs","Lopinavir/Ritonavir 200/50mg [Aluvia], tablets, 120 Tabs",200/50mg,120,12022,See DN-3267 (ID#:83708),20.22,0.17,300.7
"Lamivudine/Nevirapine/Zidovudine 150/200/300mg, tablets, 60 Tabs","Lamivudine/Nevirapine/Zidovudine 150/200/300mg, tablets, 60 Tabs",150/300/200mg,60,20697,See DN-3268 (ID#:82595),8.58,0.14,219.67
"Lamivudine/Tenofovir Disoproxil Fumarate 300/300mg, tablets, 30 Tabs","Lamivudine/Tenofovir Disoproxil Fumarate 300/300mg, tablets, 30 Tabs",300/300mg,30,8000,315,4.7,0.16,52.72
"Zidovudine 300mg, tablets, 60 Tabs","Zidovudine 300mg, tablets, 60 Tabs",300mg,60,43680,6535,6.54,0.11,353.37
"Emtricitabine/Tenofovir Disoproxil Fumarate 200/300mg, tablets, 30 Tabs","Emtricitabine/Tenofovir Disoproxil Fumarate 200/300mg, tablets, 30 Tabs",200/300mg,30,19086,See DN-3295 (ID#:83155),5.87,0.2,138.59
"Abacavir 300mg, tablets, 60 Tabs","Abacavir 300mg, tablets, 60 Tabs",300mg,60,3342,See DN-3295 (ID#:83155),11.46,0.19,47.38
"Abacavir 300mg, tablets, 60 Tabs","Abacavir 300mg, tablets, 60 Tabs",300mg,60,2880,See DN-3296 (ID#:83156),11.46,0.19,40.83
"Abacavir 20mg/ml, oral solution w/syringe, Bottle, 240 ml","Abacavir 20mg/ml, oral solution w/syringe, Bottle, 240 ml",20mg/ml,240,435,116,12.08,0.05,6.5
"Lamivudine/Nevirapine/Zidovudine 30/50/60mg, dispersible tablets, 60 Tabs","Lamivudine/Nevirapine/Zidovudine 30/50/60mg, dispersible tablets, 60 Tabs",30/50/60mg,60,80322,See DN-3316 (ID#:83160),3.89,0.06,386.5
"Nevirapine 200mg, tablets, 60 Tabs","Nevirapine 200mg, tablets, 60 Tabs",200mg,60,52483,3832,2.26,0.04,146.72
"Lamivudine/Nevirapine/Zidovudine 30/50/60mg, dispersible tablets, 60 Tabs","Lamivudine/Nevirapine/Zidovudine 30/50/60mg, dispersible tablets, 60 Tabs",30/50/60mg,60,14404,See DN-3317 (ID#:84851),3.89,0.06,69.31
"Lamivudine/Nevirapine/Stavudine 150/200/30mg, tablets, 60 Tabs","Lamivudine/Nevirapine/Stavudine 150/200/30mg, tablets, 60 Tabs",150/200/30mg,60,87707,See DN-3318 (ID#:83716),4.32,0.07,468.69
"Lamivudine/Nevirapine/Zidovudine 150/200/300mg, tablets, 60 Tabs","Lamivudine/Nevirapine/Zidovudine 150/200/300mg, tablets, 60 Tabs",150/300/200mg,60,17782,Weight Captured Separately,8.58,0.14,188.73
"Lamivudine/Nevirapine/Zidovudine 150/200/300mg, tablets, 60 Tabs","Lamivudine/Nevirapine/Zidovudine 150/200/300mg, tablets, 60 Tabs",150/300/200mg,60,60000,8750,8.26,0.14,613.06
"Lamivudine 150mg, tablets, 60 Tabs","Lamivudine 150mg, tablets, 60 Tabs",150mg,60,140,9,1.99,0.03,0.34
"Nevirapine 200mg, tablets, 60 Tabs","Nevirapine 200mg, tablets, 60 Tabs",200mg,60,131520,See DN-3337 (ID#:84290),2.31,0.04,375.81
"Lamivudine/Zidovudine 150/300mg, tablets, 60 Tabs","Lamivudine/Zidovudine 150/300mg, tablets, 60 Tabs",150/300mg,60,21984,See DN-3339 (ID#:83718),7.27,0.12,197.7
"Efavirenz 200mg, scored tablets, 90 Tabs","Efavirenz 200mg, scored tablets, 90 Tabs",200mg,90,5117,333,9.3,0.1,58.87
"Efavirenz/Emtricitabine/Tenofovir Disoproxil Fumarate 600/200/300mg, tablets, 30 Tabs","Efavirenz/Emtricitabine/Tenofovir Disoproxil Fumarate 600/200/300mg, tablets, 30 Tabs",600/200/300mg,30,66205,12121,12.3,0.41,1007.32
"Efavirenz/Emtricitabine/Tenofovir Disoproxil Fumarate 600/200/300mg, tablets, 30 Tabs","Efavirenz/Emtricitabine/Tenofovir Disoproxil Fumarate 600/200/300mg, tablets, 30 Tabs",600/200/300mg,30,100619,47387,12.3,0.41,1530.93
"Efavirenz/Lamivudine/Tenofovir Disoproxil Fumarate 600/300/300mg, tablets, 30 Tabs","Efavirenz/Lamivudine/Tenofovir Disoproxil Fumarate 600/300/300mg, tablets, 30 Tabs",600/300/300mg,30,100000,See DN-3368 (ID#:83730),11.15,0.37,1379.26
"Abacavir 300mg, tablets, 60 Tabs","Abacavir 300mg, tablets, 60 Tabs",300mg,60,11833,Weight Captured Separately,11.46,0.19,167.74
"Zidovudine 300mg, tablets, 60 Tabs","Zidovudine 300mg, tablets, 60 Tabs",300mg,60,4068,268,6.25,0.1,26.14
"Abacavir 20mg/ml, oral solution w/syringe, Bottle, 240 ml","Abacavir 20mg/ml, oral solution w/syringe, Bottle, 240 ml",20mg/ml,240,6816,See DN-3421 (ID#:82617),8.51,0.04,71.75
"Zidovudine 10mg/ml, oral solution w/syringe, Bottle, 240 ml","Zidovudine 10mg/ml, oral solution w/syringe, Bottle, 240 ml",10mg/ml,240,225,See DN-3425 (ID#:82618),2.1,0.01,0.58
"Zidovudine 300mg, tablets, 60 Tabs","Zidovudine 300mg, tablets, 60 Tabs",300mg,60,13290,See DN-3428 (ID#:83186),5.58,0.09,91.73
"Efavirenz/Lamivudine/Tenofovir Disoproxil Fumarate 600/300/300mg, tablets, 30 Tabs","Efavirenz/Lamivudine/Tenofovir Disoproxil Fumarate 600/300/300mg, tablets, 30 Tabs",600/300/300mg,30,64500,7248,11.15,0.37,889.62
"Lamivudine/Nevirapine/Stavudine 30/50/6mg, dispersible tablets, 60 Tabs","Lamivudine/Nevirapine/Stavudine 30/50/6mg, dispersible tablets, 60 Tabs",30/50/6mg,60,9301,See DN-3458 (ID#:83196),2.3,0.04,26.46
"Lamivudine/Nevirapine/Stavudine 60/100/12mg, dispersible tablets, 60 Tabs","Lamivudine/Nevirapine/Stavudine 60/100/12mg, dispersible tablets, 60 Tabs",60/100/12mg,60,7894,See DN-3458 (ID#:83196),4.3,0.07,41.99
"Lamivudine/Nevirapine/Zidovudine 30/50/60mg, dispersible tablets, 60 Tabs","Lamivudine/Nevirapine/Zidovudine 30/50/60mg, dispersible tablets, 60 Tabs",30/50/60mg,60,2200,192,3.75,0.06,10.21
"Lopinavir/Ritonavir 200/50mg, tablets, 120 Tabs","Lopinavir/Ritonavir 200/50mg, tablets, 120 Tabs",200/50mg,120,27,See DN-3381 (ID#:84319),21,0.18,0.7
"Efavirenz/Lamivudine/Tenofovir Disoproxil Fumarate 600/300/300mg, tablets, 30 Tabs","Efavirenz/Lamivudine/Tenofovir Disoproxil Fumarate 600/300/300mg, tablets, 30 Tabs",600/300/300mg,30,70000,18957,11.15,0.37,965.48
"Lamivudine/Nevirapine/Zidovudine 30/50/60mg, dispersible tablets, 60 Tabs","Lamivudine/Nevirapine/Zidovudine 30/50/60mg, dispersible tablets, 60 Tabs",30/50/60mg,60,841,73,3.75,0.06,3.9
"Efavirenz/Lamivudine/Tenofovir Disoproxil Fumarate 600/300/300mg, tablets, 30 Tabs","Efavirenz/Lamivudine/Tenofovir Disoproxil Fumarate 600/300/300mg, tablets, 30 Tabs",600/300/300mg,30,14,38142,11.15,0.37,0.19
"Nevirapine 10mg/ml, oral suspension w/syringe, Bottle, 240 ml","Nevirapine 10mg/ml, oral suspension w/syringe, Bottle, 240 ml",10mg/ml,240,4000,1928,1.86,0.01,9.2
"Lopinavir/Ritonavir 200/50mg, tablets, 120 Tabs","Lopinavir/Ritonavir 200/50mg, tablets, 120 Tabs",200/50mg,120,2300,613,20.48,0.17,58.27
"Abacavir/Lamivudine 60/30mg, dispersible tablets, 60 Tabs","Abacavir/Lamivudine 60/30mg, dispersible tablets, 60 Tabs",60/30mg,60,25000,2266,6.3,0.1,194.83
"Abacavir 300mg, tablets, 60 Tabs","Abacavir 300mg, tablets, 60 Tabs",300mg,60,16357,1635,11.36,0.19,229.85
"Lamivudine/Tenofovir Disoproxil Fumarate 300/300mg, tablets, 30 Tabs","Lamivudine/Tenofovir Disoproxil Fumarate 300/300mg, tablets, 30 Tabs",300/300mg,30,52800,5412,4.7,0.16,306.97
"Lamivudine/Nevirapine/Zidovudine 30/50/60mg, dispersible tablets, 60 Tabs","Lamivudine/Nevirapine/Zidovudine 30/50/60mg, dispersible tablets, 60 Tabs",30/50/60mg,60,8201,See DN-3546 (ID#:82651),3.75,0.06,38.04
"Abacavir/Lamivudine 60/30mg, tablets, 60 Tabs","Abacavir/Lamivudine 60/30mg, tablets, 60 Tabs",60/30mg,60,1915,See DN-3547 (ID#:83763),4,0.07,9.48
"Lamivudine/Nevirapine/Zidovudine 150/200/300mg, tablets, 60 Tabs","Lamivudine/Nevirapine/Zidovudine 150/200/300mg, tablets, 60 Tabs",150/300/200mg,60,255001,60779,8.26,0.14,2605.5
"Efavirenz 200mg, scored tablets, 90 Tabs","Efavirenz 200mg, scored tablets, 90 Tabs",200mg,90,5923,365,9.3,0.1,56.63
"Lamivudine/Zidovudine 150/300mg, tablets, 60 Tabs","Lamivudine/Zidovudine 150/300mg, tablets, 60 Tabs",150/300mg,60,25000,See DN-3553 (ID#:82653),6.73,0.11,208.13
"Lamivudine/Zidovudine 150/300mg, tablets, 60 Tabs","Lamivudine/Zidovudine 150/300mg, tablets, 60 Tabs",150/300mg,60,2723,See DN-3561 (ID#:82654),6.73,0.11,18.84
"Lopinavir/Ritonavir 200/50mg, tablets, 120 Tabs","Lopinavir/Ritonavir 200/50mg, tablets, 120 Tabs",200/50mg,120,777,See DN-3561 (ID#:82654),20.48,0.17,16.36
"Nevirapine 10mg/ml, oral suspension w/syringe, Bottle, 240 ml","Nevirapine 10mg/ml, oral suspension w/syringe, Bottle, 240 ml",10mg/ml,240,630,See DN-3561 (ID#:82654),1.86,0.01,1.2
"Lamivudine 150mg, tablets, 60 Tabs","Lamivudine 150mg, tablets, 60 Tabs",150mg,60,1209,609,2.23,0.04,3.34
"Lamivudine 10mg/ml, oral solution w/syringe, Bottle, 240 ml","Lamivudine 10mg/ml, oral solution w/syringe, Bottle, 240 ml",10mg/ml,240,13000,See DN-3567 (ID#:84342),1.43,0.01,23
"Lamivudine/Zidovudine 150/300mg, tablets, 60 Tabs","Lamivudine/Zidovudine 150/300mg, tablets, 60 Tabs",150/300mg,60,1702,See DN-3581 (ID#:83219),6.73,0.11,11.78
"Efavirenz 200mg, scored tablets, 90 Tabs","Efavirenz 200mg, scored tablets, 90 Tabs",200mg,90,48,See DN-3585 (ID#:83223),9.3,0.1,0.46
"Zidovudine 300mg, tablets, 60 Tabs","Zidovudine 300mg, tablets, 60 Tabs",300mg,60,803,See DN-3585 (ID#:83223),6.25,0.1,5.16
"Efavirenz 600mg, tablets, 30 Tabs","Efavirenz 600mg, tablets, 30 Tabs",600mg,30,25000,See DN-3586 (ID#:83224),3.33,0.11,85.58
"Lamivudine/Zidovudine 150/300mg, tablets, 60 Tabs","Lamivudine/Zidovudine 150/300mg, tablets, 60 Tabs",150/300mg,60,3757,See DN-3589 (ID#:82657),6.73,0.11,25.99
"Lopinavir/Ritonavir 200/50mg, tablets, 120 Tabs","Lopinavir/Ritonavir 200/50mg, tablets, 120 Tabs",200/50mg,120,33086,5065,20.07,0.17,821.41
"Lamivudine/Tenofovir Disoproxil Fumarate 300/300mg, tablets, 30 Tabs","Lamivudine/Tenofovir Disoproxil Fumarate 300/300mg, tablets, 30 Tabs",300/300mg,30,26000,See DN-3599 (ID#:84351),4.7,0.16,151.16
"Lopinavir/Ritonavir 200/50mg [Aluvia], tablets, 120 Tabs","Lopinavir/Ritonavir 200/50mg [Aluvia], tablets, 120 Tabs",200/50mg,120,15826,3814,18.9,0.16,370
"Efavirenz 200mg, scored tablets, 90 Tabs","Efavirenz 200mg, scored tablets, 90 Tabs",200mg,90,74,See DN-3626 (ID#:83781),9.3,0.1,0.71
"Lamivudine 150mg, tablets, 60 Tabs","Lamivudine 150mg, tablets, 60 Tabs",150mg,60,210,See DN-3626 (ID#:83781),2.23,0.04,0.48
"Tenofovir Disoproxil Fumarate 300mg, tablets, 30 Tabs","Tenofovir Disoproxil Fumarate 300mg, tablets, 30 Tabs",300mg,30,3300,259,3.78,0.13,15.43
"Efavirenz/Lamivudine/Tenofovir Disoproxil Fumarate 600/300/300mg, tablets, 30 Tabs","Efavirenz/Lamivudine/Tenofovir Disoproxil Fumarate 600/300/300mg, tablets, 30 Tabs",600/300/300mg,30,52200,See DN-3632 (ID#:82665),10.78,0.36,578.47
"Abacavir 20mg/ml, oral solution w/syringe, Bottle, 240 ml","Abacavir 20mg/ml, oral solution w/syringe, Bottle, 240 ml",20mg/ml,240,30,11,8.38,0.03,0.26
"Lamivudine/Tenofovir Disoproxil Fumarate 300/300mg, tablets, 30 Tabs","Lamivudine/Tenofovir Disoproxil Fumarate 300/300mg, tablets, 30 Tabs",300/300mg,30,29440,See DN-3648 (ID#:84360),4.64,0.15,140.43
"Abacavir/Lamivudine 600/300mg, tablets, 30 Tabs","Abacavir/Lamivudine 600/300mg, tablets, 30 Tabs",600/300mg,30,3291,See DN-3655 (ID#:83237),13.52,0.45,45.74
"Abacavir/Lamivudine 600/300mg, tablets, 30 Tabs","Abacavir/Lamivudine 600/300mg, tablets, 30 Tabs",600/300mg,30,3709,See DN-3655 (ID#:83237),13.52,0.45,51.55
"Lamivudine/Nevirapine/Zidovudine 150/200/300mg, tablets, 60 Tabs","Lamivudine/Nevirapine/Zidovudine 150/200/300mg, tablets, 60 Tabs",150/300/200mg,60,75235,9080,8.11,0.14,627.24
"Lamivudine/Nevirapine/Zidovudine 30/50/60mg, dispersible tablets, 60 Tabs","Lamivudine/Nevirapine/Zidovudine 30/50/60mg, dispersible tablets, 60 Tabs",30/50/60mg,60,2581,110,3.75,0.06,9.95
"Efavirenz/Lamivudine/Tenofovir Disoproxil Fumarate 600/300/300mg, tablets, 30 Tabs","Efavirenz/Lamivudine/Tenofovir Disoproxil Fumarate 600/300/300mg, tablets, 30 Tabs",600/300/300mg,30,61123,8281,10.78,0.36,815.07
"Lopinavir/Ritonavir 200/50mg [Aluvia], tablets, 120 Tabs","Lopinavir/Ritonavir 200/50mg [Aluvia], tablets, 120 Tabs",200/50mg,120,54000,11971,18.9,0.16,1262.48
"Efavirenz/Lamivudine/Tenofovir Disoproxil Fumarate 600/300/300mg, tablets, 30 Tabs","Efavirenz/Lamivudine/Tenofovir Disoproxil Fumarate 600/300/300mg, tablets, 30 Tabs",600/300/300mg,30,225000,37973,10.78,0.36,3000.34
"Nevirapine 200mg, tablets, 60 Tabs","Nevirapine 200mg, tablets, 60 Tabs",200mg,60,30666,1878,2.21,0.04,83.83
"Lamivudine/Zidovudine 150/300mg, tablets, 60 Tabs","Lamivudine/Zidovudine 150/300mg, tablets, 60 Tabs",150/300mg,60,92125,7982,6.6,0.11,625.05
"Efavirenz 200mg, scored tablets, 90 Tabs","Efavirenz 200mg, scored tablets, 90 Tabs",200mg,90,10534,2,9.3,0.1,100.71
"Lopinavir/Ritonavir 200/50mg, tablets, 120 Tabs","Lopinavir/Ritonavir 200/50mg, tablets, 120 Tabs",200/50mg,120,1031,298,19.71,0.16,20.89
"Efavirenz 600mg, tablets, 30 Tabs","Efavirenz 600mg, tablets, 30 Tabs",600mg,30,573,See DN-3739 (ID#:83804),3.21,0.11,2.28
"Nevirapine 10mg/ml, oral suspension w/syringe, Bottle, 100 ml","Nevirapine 10mg/ml, oral suspension w/syringe, Bottle, 100 ml",10mg/ml,100,6778,1358,1.3,0.01,9.06
"Efavirenz 600mg, tablets, 30 Tabs","Efavirenz 600mg, tablets, 30 Tabs",600mg,30,30000,See DN-3752 (ID#:84373),3.21,0.11,99
"Abacavir/Lamivudine 600/300mg, scored tablets, 30 Tabs","Abacavir/Lamivudine 600/300mg, scored tablets, 30 Tabs",600/300mg,30,2555,227,13.52,0.45,35.51
"Efavirenz 600mg, tablets, 30 Tabs","Efavirenz 600mg, tablets, 30 Tabs",600mg,30,20340,1242,3.21,0.11,67.12
"Lopinavir/Ritonavir 200/50mg [Aluvia], tablets, 120 Tabs","Lopinavir/Ritonavir 200/50mg [Aluvia], tablets, 120 Tabs",200/50mg,120,14758,3030,18.9,0.16,345.03
"Nevirapine 10mg/ml, oral suspension w/syringe, Bottle, 100 ml","Nevirapine 10mg/ml, oral suspension w/syringe, Bottle, 100 ml",10mg/ml,100,28464,See DN-3762 (ID#:82685),1.3,0.01,45.77
"Lamivudine/Tenofovir Disoproxil Fumarate 300/300mg, tablets, 30 Tabs","Lamivudine/Tenofovir Disoproxil Fumarate 300/300mg, tablets, 30 Tabs",300/300mg,30,153560,18528,4.7,0.16,741.94
"Nevirapine 200mg, tablets, 60 Tabs","Nevirapine 200mg, tablets, 60 Tabs",200mg,60,44716,5925,2.26,0.04,103.89
"Abacavir 20mg/ml, [DON] oral solution, Bottle, 240 ml","Abacavir 20mg/ml, [DON] oral solution, Bottle, 240 ml",20mg/ml,240,301,Weight Captured Separately,0,0,0
"Efavirenz 600mg, tablets, 30 Tabs","Efavirenz 600mg, tablets, 30 Tabs",600mg,30,8283,See DN-3875 (ID#:83255),3.21,0.11,27.33
"Tenofovir Disoproxil Fumarate 300mg, tablets, 30 Tabs","Tenofovir Disoproxil Fumarate 300mg, tablets, 30 Tabs",300mg,30,800,64,3.78,0.13,3.11
"Efavirenz 600mg, tablets, 30 Tabs","Efavirenz 600mg, tablets, 30 Tabs",600mg,30,108650,9741,3.21,0.11,358.53
"Nevirapine 200mg, tablets, 60 Tabs","Nevirapine 200mg, tablets, 60 Tabs",200mg,60,48253,See DN-3825 (ID#:82702),2.18,0.04,108.14
"Lamivudine/Stavudine 150/30mg, tablets, 60 Tabs","Lamivudine/Stavudine 150/30mg, tablets, 60 Tabs",150/30mg,60,26700,1307,2.49,0.04,68.34
"Lamivudine/Zidovudine 150/300mg, tablets, 60 Tabs","Lamivudine/Zidovudine 150/300mg, tablets, 60 Tabs",150/300mg,60,100000,8528,6.52,0.11,670.26
"Nevirapine 200mg, tablets, 60 Tabs","Nevirapine 200mg, tablets, 60 Tabs",200mg,60,39132,2426,2.21,0.04,88.9
"Abacavir/Lamivudine 60/30mg, dispersible tablets, 60 Tabs","Abacavir/Lamivudine 60/30mg, dispersible tablets, 60 Tabs",60/30mg,60,3274,See DN-3842 (ID#:82706),5.63,0.09,18.95
"Tenofovir Disoproxil Fumarate 300mg, tablets, 30 Tabs","Tenofovir Disoproxil Fumarate 300mg, tablets, 30 Tabs",300mg,30,1540,See DN-3843 (ID#:82707),3.78,0.13,5.98
"Lamivudine/Nevirapine/Zidovudine 30/50/60mg, dispersible tablets, 60 Tabs","Lamivudine/Nevirapine/Zidovudine 30/50/60mg, dispersible tablets, 60 Tabs",30/50/60mg,60,2274,100,3.75,0.06,8.77
"Efavirenz 600mg, tablets, 30 Tabs","Efavirenz 600mg, tablets, 30 Tabs",600mg,30,6600,See DN-3865 (ID#:82723),3.21,0.11,21.78
"Lamivudine/Nevirapine/Zidovudine 30/50/60mg, dispersible tablets, 60 Tabs","Lamivudine/Nevirapine/Zidovudine 30/50/60mg, dispersible tablets, 60 Tabs",30/50/60mg,60,20000,3431,3.73,0.06,92.28
"Lopinavir/Ritonavir 200/50mg, tablets, 120 Tabs","Lopinavir/Ritonavir 200/50mg, tablets, 120 Tabs",200/50mg,120,32905,5111,19.71,0.16,666.72
"Lamivudine/Nevirapine/Zidovudine 150/200/300mg, tablets, 60 Tabs","Lamivudine/Nevirapine/Zidovudine 150/200/300mg, tablets, 60 Tabs",150/300/200mg,60,74930,9100,8.11,0.14,624.7
"Zidovudine 10mg/ml, oral solution w/syringe, Bottle, 240 ml","Zidovudine 10mg/ml, oral solution w/syringe, Bottle, 240 ml",10mg/ml,240,1090,408,2.1,0.01,2.35
"Zidovudine 10mg/ml, oral solution w/syringe, Bottle, 240 ml","Zidovudine 10mg/ml, oral solution w/syringe, Bottle, 240 ml",10mg/ml,240,2125,796,2.1,0.01,5.52
"Zidovudine 300mg, tablets, 60 Tabs","Zidovudine 300mg, tablets, 60 Tabs",300mg,60,2651,155,5.44,0.09,14.83
"Efavirenz 50mg, capsule, 30 Caps","Efavirenz 50mg, capsule, 30 Caps",50mg,30,3444,200,2.24,0.07,15.12
"Lamivudine/Nevirapine/Zidovudine 150/200/300mg, tablets, 60 Tabs","Lamivudine/Nevirapine/Zidovudine 150/200/300mg, tablets, 60 Tabs",150/300/200mg,60,45520,See DN-3913 (ID#:84409),8.11,0.14,379.5
"Lamivudine/Zidovudine 30/60mg, dispersible tablets, 60 Tabs","Lamivudine/Zidovudine 30/60mg, dispersible tablets, 60 Tabs",30/60mg,60,4000,474,2.15,0.04,8.84
"Abacavir 300mg, tablets, 60 Tabs","Abacavir 300mg, tablets, 60 Tabs",300mg,60,7977,See DN-3939 (ID#:82732),11.36,0.19,93.16
"Lamivudine/Tenofovir Disoproxil Fumarate 300/300mg, tablets, 30 Tabs","Lamivudine/Tenofovir Disoproxil Fumarate 300/300mg, tablets, 30 Tabs",300/300mg,30,11536,1046,4.7,0.16,55.74
"Nevirapine 10mg/ml, oral suspension w/syringe, Bottle, 240 ml","Nevirapine 10mg/ml, oral suspension w/syringe, Bottle, 240 ml",10mg/ml,240,10000,3731,1.3,0.01,13.36
"Abacavir 20mg/ml, oral solution w/syringe, Bottle, 240 ml","Abacavir 20mg/ml, oral solution w/syringe, Bottle, 240 ml",20mg/ml,240,100,44,8.38,0.03,0.86
"Lamivudine/Zidovudine 150/300mg, tablets, 60 Tabs","Lamivudine/Zidovudine 150/300mg, tablets, 60 Tabs",150/300mg,60,2532,See DN-3952 (ID#:82736),6.6,0.11,17.18
"Lamivudine/Zidovudine 30/60mg, dispersible tablets, 60 Tabs","Lamivudine/Zidovudine 30/60mg, dispersible tablets, 60 Tabs",30/60mg,60,15000,1037,1.99,0.03,30.69
"Nevirapine 200mg, tablets, 60 Tabs","Nevirapine 200mg, tablets, 60 Tabs",200mg,60,5850,See DN-3954 (ID#:82743),2.18,0.04,13.11
"Zidovudine 10mg/ml, oral solution w/syringe, Bottle, 240 ml","Zidovudine 10mg/ml, oral solution w/syringe, Bottle, 240 ml",10mg/ml,240,714,See DN-3975 (ID#:82748),2.1,0.01,1.54
"Lamivudine/Nevirapine/Zidovudine 150/200/300mg, tablets, 60 Tabs","Lamivudine/Nevirapine/Zidovudine 150/200/300mg, tablets, 60 Tabs",150/300/200mg,60,100000,See DN-3999 (ID#:82752),8.11,0.14,833.71
"Efavirenz/Emtricitabine/Tenofovir Disoproxil Fumarate 600/200/300mg, tablets, 30 Tabs","Efavirenz/Emtricitabine/Tenofovir Disoproxil Fumarate 600/200/300mg, tablets, 30 Tabs",600/200/300mg,30,12783,1371,11.89,0.4,156.25
"Abacavir/Lamivudine 60/30mg, dispersible tablets, 60 Tabs","Abacavir/Lamivudine 60/30mg, dispersible tablets, 60 Tabs",60/30mg,60,137,2014,5.09,0.08,0.72
"Efavirenz 600mg, tablets, 30 Tabs","Efavirenz 600mg, tablets, 30 Tabs",600mg,30,64445,5678,3.21,0.11,212.66
"Lamivudine/Zidovudine 150/300mg, tablets, 60 Tabs","Lamivudine/Zidovudine 150/300mg, tablets, 60 Tabs",150/300mg,60,126840,11283,6.73,0.11,877.53
"Tenofovir Disoproxil Fumarate 300mg, tablets, 30 Tabs","Tenofovir Disoproxil Fumarate 300mg, tablets, 30 Tabs",300mg,30,380,See DN-4032 (ID#:82757),3.78,0.13,1.48
"Lopinavir/Ritonavir 200/50mg, tablets, 120 Tabs","Lopinavir/Ritonavir 200/50mg, tablets, 120 Tabs",200/50mg,120,13642,See DN-4032 (ID#:82757),19.38,0.16,271.78
"Efavirenz/Lamivudine/Tenofovir Disoproxil Fumarate 600/300/300mg, tablets, 30 Tabs","Efavirenz/Lamivudine/Tenofovir Disoproxil Fumarate 600/300/300mg, tablets, 30 Tabs",600/300/300mg,30,45000,5083,10.78,0.36,498.68
"Lopinavir/Ritonavir 200/50mg [Aluvia], tablets, 120 Tabs","Lopinavir/Ritonavir 200/50mg [Aluvia], tablets, 120 Tabs",200/50mg,120,3663,See DN-4041 (ID#:83291),18.9,0.16,71.17
"Lamivudine/Zidovudine 150/300mg, tablets, 60 Tabs","Lamivudine/Zidovudine 150/300mg, tablets, 60 Tabs",150/300mg,60,33147,32,6.6,0.11,224.9
"Lamivudine/Nevirapine/Zidovudine 150/200/300mg, tablets, 60 Tabs","Lamivudine/Nevirapine/Zidovudine 150/200/300mg, tablets, 60 Tabs",150/300/200mg,60,320300,87076,7.72,0.13,2541.95
"Tenofovir Disoproxil Fumarate 300mg, tablets, 30 Tabs","Tenofovir Disoproxil Fumarate 300mg, tablets, 30 Tabs",300mg,30,4236,See DN-4064 (ID#:82765),3.55,0.12,15.46
"Lamivudine/Zidovudine 150/300mg, tablets, 60 Tabs","Lamivudine/Zidovudine 150/300mg, tablets, 60 Tabs",150/300mg,60,132000,10615,6.6,0.11,895.59
"Lamivudine/Tenofovir Disoproxil Fumarate 300/300mg, tablets, 30 Tabs","Lamivudine/Tenofovir Disoproxil Fumarate 300/300mg, tablets, 30 Tabs",300/300mg,30,4,34119,4.61,0.15,0.02
"Lamivudine/Zidovudine 30/60mg, dispersible tablets, 60 Tabs","Lamivudine/Zidovudine 30/60mg, dispersible tablets, 60 Tabs",30/60mg,60,6000,404,1.99,0.03,14.05
"Lamivudine/Zidovudine 30/60mg, dispersible tablets, 60 Tabs","Lamivudine/Zidovudine 30/60mg, dispersible tablets, 60 Tabs",30/60mg,60,19389,1293,2,0.03,39.86
"Lamivudine/Nevirapine/Zidovudine 150/200/300mg, tablets, 60 Tabs","Lamivudine/Nevirapine/Zidovudine 150/200/300mg, tablets, 60 Tabs",150/300/200mg,60,3194,23220,7.72,0.13,25.35
"Lopinavir/Ritonavir 200/50mg [Aluvia], tablets, 120 Tabs","Lopinavir/Ritonavir 200/50mg [Aluvia], tablets, 120 Tabs",200/50mg,120,11607,2653,18.9,0.16,258.2
"Efavirenz/Lamivudine/Tenofovir Disoproxil Fumarate 600/300/300mg, tablets, 30 Tabs","Efavirenz/Lamivudine/Tenofovir Disoproxil Fumarate 600/300/300mg, tablets, 30 Tabs",600/300/300mg,30,9360,See DN-4144 (ID#:82781),9.6,0.32,105.76
"Lamivudine/Zidovudine 30/60mg, dispersible tablets, 60 Tabs","Lamivudine/Zidovudine 30/60mg, dispersible tablets, 60 Tabs",30/60mg,60,1700,268,1.95,0.03,3.9
"Lamivudine/Zidovudine 150/300mg, tablets, 60 Tabs","Lamivudine/Zidovudine 150/300mg, tablets, 60 Tabs",150/300mg,60,51431,19196,6.52,0.11,344.72
"Efavirenz 600mg, tablets, 30 Tabs","Efavirenz 600mg, tablets, 30 Tabs",600mg,30,108856,6431,3.12,0.1,399.75
"Efavirenz/Lamivudine/Tenofovir Disoproxil Fumarate 600/300/300mg, tablets, 30 Tabs","Efavirenz/Lamivudine/Tenofovir Disoproxil Fumarate 600/300/300mg, tablets, 30 Tabs",600/300/300mg,30,200000,See DN-4190 (ID#:84461),9.6,0.32,1973.76
"Abacavir 20mg/ml, oral solution, Bottle, 240 ml","Abacavir 20mg/ml, oral solution, Bottle, 240 ml",20mg/ml,240,140,139,6.83,0.03,1.13
"Lamivudine/Tenofovir Disoproxil Fumarate 300/300mg, tablets, 30 Tabs","Lamivudine/Tenofovir Disoproxil Fumarate 300/300mg, tablets, 30 Tabs",300/300mg,30,13549,1354,4.59,0.15,63.93
"Lamivudine/Nevirapine/Zidovudine 30/50/60mg, dispersible tablets, 60 Tabs","Lamivudine/Nevirapine/Zidovudine 30/50/60mg, dispersible tablets, 60 Tabs",30/50/60mg,60,912,71,3.6,0.06,3.38
"Efavirenz/Lamivudine/Tenofovir Disoproxil Fumarate 600/300/300mg, tablets, 30 Tabs","Efavirenz/Lamivudine/Tenofovir Disoproxil Fumarate 600/300/300mg, tablets, 30 Tabs",600/300/300mg,30,100000,See DN-4255 (ID#:83911),9.6,0.32,1129.92
"Lamivudine/Zidovudine 150/300mg, tablets, 60 Tabs","Lamivudine/Zidovudine 150/300mg, tablets, 60 Tabs",150/300mg,60,36971,See DN-4253 (ID#:83334),6.52,0.11,247.8
"Lamivudine/Zidovudine 150/300mg, tablets, 60 Tabs","Lamivudine/Zidovudine 150/300mg, tablets, 60 Tabs",150/300mg,60,25526,See DN-4253 (ID#:83334),6.52,0.11,171.09
"Lamivudine/Nevirapine/Zidovudine 30/50/60mg, dispersible tablets, 60 Tabs","Lamivudine/Nevirapine/Zidovudine 30/50/60mg, dispersible tablets, 60 Tabs",30/50/60mg,60,13660,849,3.6,0.06,50.55
"Tenofovir Disoproxil Fumarate 300mg, tablets, 30 Tabs","Tenofovir Disoproxil Fumarate 300mg, tablets, 30 Tabs",300mg,30,7500,See DN-4177 (ID#:82804),3.55,0.12,27.37
"Abacavir 300mg, tablets, 60 Tabs","Abacavir 300mg, tablets, 60 Tabs",300mg,60,17045,20752,15.89,0.26,583.94
"Efavirenz/Lamivudine/Tenofovir Disoproxil Fumarate 600/300/300mg, tablets, 30 Tabs","Efavirenz/Lamivudine/Tenofovir Disoproxil Fumarate 600/300/300mg, tablets, 30 Tabs",600/300/300mg,30,121000,35884,9.6,0.32,1194.12
"Efavirenz/Lamivudine/Tenofovir Disoproxil Fumarate 600/300/300mg, tablets, 30 Tabs","Efavirenz/Lamivudine/Tenofovir Disoproxil Fumarate 600/300/300mg, tablets, 30 Tabs",600/300/300mg,30,170780,See DN-4291 (ID#:85036),9.6,0.32,1685.39
"Abacavir/Lamivudine 60/30mg, dispersible tablets, 60 Tabs","Abacavir/Lamivudine 60/30mg, dispersible tablets, 60 Tabs",60/30mg,60,14476,839,3.95,0.07,67.3
"Efavirenz 200mg, scored tablets, 90 Tabs","Efavirenz 200mg, scored tablets, 90 Tabs",200mg,90,3101,195,9.3,0.1,33.94
"Lamivudine/Zidovudine 30/60mg, dispersible tablets, 60 Tabs","Lamivudine/Zidovudine 30/60mg, dispersible tablets, 60 Tabs",30/60mg,60,2741,See DN-4307 (ID#:83920),1.99,0.03,6.42
"Lamivudine/Zidovudine 30/60mg, dispersible tablets, 60 Tabs","Lamivudine/Zidovudine 30/60mg, dispersible tablets, 60 Tabs",30/60mg,60,9262,See DN-4307 (ID#:83920),1.99,0.03,21.69
"Lamivudine/Zidovudine 30/60mg, dispersible tablets, 60 Tabs","Lamivudine/Zidovudine 30/60mg, dispersible tablets, 60 Tabs",30/60mg,60,5126,See DN-4309 (ID#:82809),1.92,0.03,11.58
"Nevirapine 200mg, tablets, 60 Tabs","Nevirapine 200mg, tablets, 60 Tabs",200mg,60,221000,Weight Captured Separately,2.18,0.04,495.27
"Nevirapine 200mg, tablets, 60 Tabs","Nevirapine 200mg, tablets, 60 Tabs",200mg,60,89575,Weight Captured Separately,2.18,0.04,200.74
"Lopinavir/Ritonavir 200/50mg [Aluvia], tablets, 120 Tabs","Lopinavir/Ritonavir 200/50mg [Aluvia], tablets, 120 Tabs",200/50mg,120,8452,See DN-4325 (ID#:82815),18.64,0.16,185.43
"Lamivudine/Zidovudine 150/300mg, tablets, 60 Tabs","Lamivudine/Zidovudine 150/300mg, tablets, 60 Tabs",150/300mg,60,6258,Weight Captured Separately,6.52,0.11,41.94
"Efavirenz/Lamivudine/Tenofovir Disoproxil Fumarate 600/300/300mg, tablets, 30 Tabs","Efavirenz/Lamivudine/Tenofovir Disoproxil Fumarate 600/300/300mg, tablets, 30 Tabs",600/300/300mg,30,134500,18177,9.99,0.33,1581.48
"Lamivudine 150mg, tablets, 60 Tabs","Lamivudine 150mg, tablets, 60 Tabs",150mg,60,45,See DN-1360 (ID#:83371),2.44,0.04,0.22
"Nevirapine 200mg, tablets, 60 Tabs","Nevirapine 200mg, tablets, 60 Tabs",200mg,60,100,See DN-1417 (ID#:82271),2.9,0.05,0.57
"Lamivudine 150mg, tablets, 60 Tabs","Lamivudine 150mg, tablets, 60 Tabs",150mg,60,63,See DN-1452 (ID#:82272),2.44,0.04,0.3
"Zidovudine 300mg, tablets, 60 Tabs","Zidovudine 300mg, tablets, 60 Tabs",300mg,60,28,See DN-1452 (ID#:82272),7.53,0.13,0.41
"Nevirapine 200mg, tablets, 60 Tabs","Nevirapine 200mg, tablets, 60 Tabs",200mg,60,3000,See DN-1456 (ID#:83952),2.9,0.05,17.05
"Lamivudine 150mg, tablets, 60 Tabs","Lamivudine 150mg, tablets, 60 Tabs",150mg,60,398,See DN-1479 (ID#:82842),2.44,0.04,1.9
"Lamivudine/Zidovudine 150/300mg, tablets, 60 Tabs","Lamivudine/Zidovudine 150/300mg, tablets, 60 Tabs",150/300mg,60,41336,See DN-1510 (ID#:84506),8.76,0.15,709.72
"Abacavir 300mg, tablets, 60 Tabs","Abacavir 300mg, tablets, 60 Tabs",300mg,60,4000,See DN-1523 (ID#:83961),21.42,0.36,167.93
"Nevirapine 10mg/ml, oral suspension, Bottle, 240 ml","Nevirapine 10mg/ml, oral suspension, Bottle, 240 ml",10mg/ml,240,4464,1655,1.92,0.01,16.8
"Nevirapine 10mg/ml, oral suspension, Bottle, 240 ml","Nevirapine 10mg/ml, oral suspension, Bottle, 240 ml",10mg/ml,240,4704,See DN-1530 (ID#:83964),1.92,0.01,19.47
"Lamivudine 150mg, tablets, 60 Tabs","Lamivudine 150mg, tablets, 60 Tabs",150mg,60,50000,2390,2.44,0.04,239.12
"Efavirenz 600mg, tablets, 30 Tabs","Efavirenz 600mg, tablets, 30 Tabs",600mg,30,5000,907,5.78,0.19,56.64
"Abacavir 300mg, tablets, 60 Tabs","Abacavir 300mg, tablets, 60 Tabs",300mg,60,755,75,21.42,0.36,31.7
"Efavirenz 600mg, tablets, 30 Tabs","Efavirenz 600mg, tablets, 30 Tabs",600mg,30,168,15,5.78,0.19,1.9
"Efavirenz 50mg, capsule, 30 Caps","Efavirenz 50mg, capsule, 30 Caps",50mg,30,572,33,2.24,0.07,2.76
"Lamivudine/Tenofovir Disoproxil Fumarate 300/300mg, tablets, 30 Tabs","Lamivudine/Tenofovir Disoproxil Fumarate 300/300mg, tablets, 30 Tabs",300/300mg,30,2000,168,10,0.33,43.12
"Lamivudine/Nevirapine/Zidovudine 150/200/300mg, tablets, 60 Tabs","Lamivudine/Nevirapine/Zidovudine 150/200/300mg, tablets, 60 Tabs",150/300/200mg,60,40080,4498,11.35,0.19,891.62
"HIV 1/2, Determine Complete HIV Kit, 100 Tests","HIV 1/2, Determine Complete HIV Kit, 100 Tests",,100,350,See DN-1624 (ID#:82856),80,0.8,54.88
"Efavirenz 600mg, tablets, 30 Tabs","Efavirenz 600mg, tablets, 30 Tabs",600mg,30,26712,2342,5.78,0.19,332.88
"Nevirapine 200mg, tablets, 60 Tabs","Nevirapine 200mg, tablets, 60 Tabs",200mg,60,200,See DN-1636 (ID#:83975),2.73,0.05,1.18
"Lamivudine/Nevirapine/Zidovudine 150/200/300mg, tablets, 60 Tabs","Lamivudine/Nevirapine/Zidovudine 150/200/300mg, tablets, 60 Tabs",150/300/200mg,60,21658,See DN-1638 (ID#:84526),11.22,0.19,476.29
"Lamivudine/Nevirapine/Zidovudine 150/200/300mg, tablets, 60 Tabs","Lamivudine/Nevirapine/Zidovudine 150/200/300mg, tablets, 60 Tabs",150/300/200mg,60,19942,See DN-1638 (ID#:84526),11.22,0.19,438.55
"Nevirapine 200mg, tablets, 60 Tabs","Nevirapine 200mg, tablets, 60 Tabs",200mg,60,9876,941,2.73,0.05,58.13
"Emtricitabine/Tenofovir Disoproxil Fumarate 200/300mg [Truvada], tablets, 30 Tabs","Emtricitabine/Tenofovir Disoproxil Fumarate 200/300mg [Truvada], tablets, 30 Tabs",300/200mg,30,6464,571,26.25,0.88,365.83
"Efavirenz 600mg, tablets, 30 Tabs","Efavirenz 600mg, tablets, 30 Tabs",600mg,30,1900,See DN-1659 (ID#:82859),5.13,0.17,21.01
"Lamivudine/Nevirapine/Stavudine 150/200/30mg, tablets, 60 Tabs","Lamivudine/Nevirapine/Stavudine 150/200/30mg, tablets, 60 Tabs",150/200/30mg,60,35802,See DN-1660 (ID#:82296),6.11,0.1,471.63
"Stavudine 30mg, capsules, 60 Caps","Stavudine 30mg, capsules, 60 Caps",30mg,60,2610,See DN-1667 (ID#:82861),1.41,0.02,7.93
"Stavudine 20mg, capsules, 60 Caps","Stavudine 20mg, capsules, 60 Caps",20mg,60,106,See DN-1667 (ID#:82861),1.43,0.02,0.33
"Efavirenz 600mg, tablets, 30 Tabs","Efavirenz 600mg, tablets, 30 Tabs",600mg,30,26697,See DN-1677 (ID#:82297),5.13,0.17,268.43
"Lamivudine/Nevirapine/Zidovudine 150/200/300mg, tablets, 60 Tabs","Lamivudine/Nevirapine/Zidovudine 150/200/300mg, tablets, 60 Tabs",150/300/200mg,60,10000,1169,11.22,0.19,241.9
"Emtricitabine/Tenofovir Disoproxil Fumarate 200/300mg, tablets, 30 Tabs","Emtricitabine/Tenofovir Disoproxil Fumarate 200/300mg, tablets, 30 Tabs",200/300mg,30,350,29,11.75,0.39,8.87
"Lamivudine/Nevirapine/Zidovudine 150/200/300mg, tablets, 60 Tabs","Lamivudine/Nevirapine/Zidovudine 150/200/300mg, tablets, 60 Tabs",150/300/200mg,60,30315,3563,11.22,0.19,666.66
"Nevirapine 200mg, tablets, 60 Tabs","Nevirapine 200mg, tablets, 60 Tabs",200mg,60,6000,577,2.73,0.05,35.32
"Emtricitabine/Tenofovir Disoproxil Fumarate 200/300mg, tablets, 30 Tabs","Emtricitabine/Tenofovir Disoproxil Fumarate 200/300mg, tablets, 30 Tabs",200/300mg,30,35000,2825,11.75,0.39,886.66
"Lamivudine/Zidovudine 150/300mg, tablets, 60 Tabs","Lamivudine/Zidovudine 150/300mg, tablets, 60 Tabs",150/300mg,60,3200,255,8.76,0.15,60.44
"Lamivudine/Tenofovir Disoproxil Fumarate 300/300mg, tablets, 30 Tabs","Lamivudine/Tenofovir Disoproxil Fumarate 300/300mg, tablets, 30 Tabs",300/300mg,30,3680,328,10,0.33,79.34
"Lamivudine/Stavudine 150/30mg, tablets, 60 Tabs","Lamivudine/Stavudine 150/30mg, tablets, 60 Tabs",150/30mg,60,70,See DN-1761 (ID#:82312),3.4,0.06,0.51
"Lamivudine/Zidovudine 150/300mg, tablets, 60 Tabs","Lamivudine/Zidovudine 150/300mg, tablets, 60 Tabs",150/300mg,60,1600,13,8.76,0.15,30.22
"Efavirenz 600mg, tablets, 30 Tabs","Efavirenz 600mg, tablets, 30 Tabs",600mg,30,3500,309,4.75,0.16,35.84
"Efavirenz 600mg, tablets, 30 Tabs","Efavirenz 600mg, tablets, 30 Tabs",600mg,30,188,17,4.75,0.16,1.93
"Lamivudine/Zidovudine+Efavirenz 150/300mg+600mg, tablets, co-blister 60+30 Tabs","Lamivudine/Zidovudine+Efavirenz 150/300mg+600mg, tablets, co-blister 60+30 Tabs",150/300mg+600mg,90,250,42,27.5,0.31,14.82
"Lamivudine/Nevirapine/Zidovudine 150/200/300mg, tablets, 60 Tabs","Lamivudine/Nevirapine/Zidovudine 150/200/300mg, tablets, 60 Tabs",150/300/200mg,60,45000,See DN-1794 (ID#:83421),11.22,0.19,1088.56
"Lamivudine/Tenofovir Disoproxil Fumarate 300/300mg, tablets, 30 Tabs","Lamivudine/Tenofovir Disoproxil Fumarate 300/300mg, tablets, 30 Tabs",300/300mg,30,9852,1078,10,0.33,212.41
"Didanosine 100mg, chewable/dispersible tablets, 60 Tabs","Didanosine 100mg, chewable/dispersible tablets, 60 Tabs",100mg,60,330,71,7.72,0.13,5.49
"Lamivudine/Nevirapine/Zidovudine 150/200/300mg, tablets, 60 Tabs","Lamivudine/Nevirapine/Zidovudine 150/200/300mg, tablets, 60 Tabs",150/300/200mg,60,17000,2156,11.22,0.19,411.24
"Lamivudine/Zidovudine 150/300mg, tablets, 60 Tabs","Lamivudine/Zidovudine 150/300mg, tablets, 60 Tabs",150/300mg,60,5000,338,8.76,0.15,94.43
"Didanosine 100mg, chewable/dispersible tablets, 60 Tabs","Didanosine 100mg, chewable/dispersible tablets, 60 Tabs",100mg,60,2159,454,7.72,0.13,35.94
"Lamivudine 150mg, tablets, 60 Tabs","Lamivudine 150mg, tablets, 60 Tabs",150mg,60,9316,See DN-1799 (ID#:84560),2.44,0.04,49.01
"Abacavir 300mg, tablets, 60 Tabs","Abacavir 300mg, tablets, 60 Tabs",300mg,60,8150,See DN-1799 (ID#:84560),19,0.32,333.86
"Zidovudine 100mg, capsules, 100 Caps","Zidovudine 100mg, capsules, 100 Caps",100mg,100,6636,See DN-1799 (ID#:84560),4.84,0.05,69.25
"Lamivudine 150mg, tablets, 60 Tabs","Lamivudine 150mg, tablets, 60 Tabs",150mg,60,6000,See DN-1799 (ID#:84560),2.44,0.04,31.56
"Nevirapine 200mg, tablets, 60 Tabs","Nevirapine 200mg, tablets, 60 Tabs",200mg,60,1815,See DN-1838 (ID#:82887),2.66,0.04,10.41
"Lamivudine 150mg, tablets, 60 Tabs","Lamivudine 150mg, tablets, 60 Tabs",150mg,60,8520,See DN-1842 (ID#:84007),2.33,0.04,42.8
"Efavirenz 200mg, capsule, 90 Caps","Efavirenz 200mg, capsule, 90 Caps",200mg,90,1176,See DN-1847 (ID#:82889),10.07,0.11,25.53
"Stavudine 20mg, capsules, 60 Caps","Stavudine 20mg, capsules, 60 Caps",20mg,60,504,See DN-1847 (ID#:82889),1.43,0.02,1.55
"Emtricitabine/Tenofovir Disoproxil Fumarate 200/300mg, tablets, 30 Tabs","Emtricitabine/Tenofovir Disoproxil Fumarate 200/300mg, tablets, 30 Tabs",200/300mg,30,1500,109,11.75,0.39,38
"Lamivudine/Zidovudine 150/300mg, tablets, 60 Tabs","Lamivudine/Zidovudine 150/300mg, tablets, 60 Tabs",150/300mg,60,176143,15200,8.76,0.15,3326.74
"Nevirapine 200mg, tablets, 60 Tabs","Nevirapine 200mg, tablets, 60 Tabs",200mg,60,2500,132,2.73,0.05,14.71
"Nevirapine 200mg, tablets, 60 Tabs","Nevirapine 200mg, tablets, 60 Tabs",200mg,60,35199,2411,2.73,0.05,207.18
"Nevirapine 200mg, tablets, 60 Tabs","Nevirapine 200mg, tablets, 60 Tabs",200mg,60,20000,1370,2.73,0.05,117.72
"Efavirenz 600mg, tablets, 30 Tabs","Efavirenz 600mg, tablets, 30 Tabs",600mg,30,5000,428,4.6,0.15,49.59
"Lamivudine/Nevirapine/Zidovudine 150/200/300mg, tablets, 60 Tabs","Lamivudine/Nevirapine/Zidovudine 150/200/300mg, tablets, 60 Tabs",150/300/200mg,60,34379,4013,11.22,0.19,831.64
"Lamivudine/Tenofovir Disoproxil Fumarate 300/300mg, tablets, 30 Tabs","Lamivudine/Tenofovir Disoproxil Fumarate 300/300mg, tablets, 30 Tabs",300/300mg,30,45000,4050,10,0.33,970.2
"Lamivudine/Tenofovir Disoproxil Fumarate 300/300mg, tablets, 30 Tabs","Lamivudine/Tenofovir Disoproxil Fumarate 300/300mg, tablets, 30 Tabs",300/300mg,30,20000,1801,10,0.33,431.2
"Emtricitabine/Tenofovir Disoproxil Fumarate 200/300mg, tablets, 30 Tabs","Emtricitabine/Tenofovir Disoproxil Fumarate 200/300mg, tablets, 30 Tabs",200/300mg,30,2500,See DN-1943 (ID#:83443),11.75,0.39,63.33
"Lamivudine/Zidovudine 150/300mg, tablets, 60 Tabs","Lamivudine/Zidovudine 150/300mg, tablets, 60 Tabs",150/300mg,60,15000,1040,8.76,0.15,283.3
"Lamivudine/Nevirapine/Stavudine 150/200/30mg, tablets, 60 Tabs","Lamivudine/Nevirapine/Stavudine 150/200/30mg, tablets, 60 Tabs",150/200/30mg,60,2100,See DN-1948 (ID#:82906),5.73,0.1,25.94
"Efavirenz 600mg, tablets, 30 Tabs","Efavirenz 600mg, tablets, 30 Tabs",600mg,30,3000,See DN-1949 (ID#:83444),4.45,0.15,28.78
"Nevirapine 200mg, tablets, 60 Tabs","Nevirapine 200mg, tablets, 60 Tabs",200mg,60,3000,See DN-1949 (ID#:83444),2.73,0.05,17.66
"Lamivudine/Nevirapine/Zidovudine 150/200/300mg, tablets, 60 Tabs","Lamivudine/Nevirapine/Zidovudine 150/200/300mg, tablets, 60 Tabs",150/300/200mg,60,5000,659,11.22,0.19,120.95
"Emtricitabine/Tenofovir Disoproxil Fumarate 200/300mg, tablets, 30 Tabs","Emtricitabine/Tenofovir Disoproxil Fumarate 200/300mg, tablets, 30 Tabs",200/300mg,30,3000,270,11.75,0.39,76
"Lamivudine/Stavudine 150/30mg, tablets, 60 Tabs","Lamivudine/Stavudine 150/30mg, tablets, 60 Tabs",150/30mg,60,11994,See DN-1984 (ID#:83453),3.28,0.05,84.82
"Lamivudine/Stavudine 150/30mg, tablets, 60 Tabs","Lamivudine/Stavudine 150/30mg, tablets, 60 Tabs",150/30mg,60,441,See DN-1984 (ID#:83453),3.28,0.05,3.12
"Emtricitabine/Tenofovir Disoproxil Fumarate 200/300mg, tablets, 30 Tabs","Emtricitabine/Tenofovir Disoproxil Fumarate 200/300mg, tablets, 30 Tabs",200/300mg,30,4000,365,11.75,0.39,101.33
"Nevirapine 200mg, tablets, 60 Tabs","Nevirapine 200mg, tablets, 60 Tabs",200mg,60,28600,3344,2.73,0.05,168.34
"Nevirapine 200mg, tablets, 60 Tabs","Nevirapine 200mg, tablets, 60 Tabs",200mg,60,3322,377,2.73,0.05,19.55
"Lamivudine/Zidovudine 150/300mg, tablets, 60 Tabs","Lamivudine/Zidovudine 150/300mg, tablets, 60 Tabs",150/300mg,60,4399,See DN-1997 (ID#:82914),8.55,0.14,81.09
"Efavirenz 600mg, tablets, 30 Tabs","Efavirenz 600mg, tablets, 30 Tabs",600mg,30,667,See DN-1998 (ID#:84589),4.45,0.15,6.4
"Lamivudine/Zidovudine 150/300mg, tablets, 60 Tabs","Lamivudine/Zidovudine 150/300mg, tablets, 60 Tabs",150/300mg,60,61920,5334,8.76,0.15,1169.46
"Lamivudine/Zidovudine 150/300mg, tablets, 60 Tabs","Lamivudine/Zidovudine 150/300mg, tablets, 60 Tabs",150/300mg,60,40213,3457,8.55,0.14,741.28
"Lamivudine/Nevirapine/Stavudine 150/200/30mg, tablets, 60 Tabs","Lamivudine/Nevirapine/Stavudine 150/200/30mg, tablets, 60 Tabs",150/200/30mg,60,56054,15140,5.85,0.1,706.99
"Lamivudine 150mg, tablets, 60 Tabs","Lamivudine 150mg, tablets, 60 Tabs",150mg,60,6580,579,2.33,0.04,33.05
"Lopinavir/Ritonavir 200/50mg, tablets, 120 Tabs","Lopinavir/Ritonavir 200/50mg, tablets, 120 Tabs",200/50mg,120,4360,See DN-2011 (ID#:82350),38.75,0.32,364.26
"Lamivudine/Nevirapine/Zidovudine 150/200/300mg, tablets, 60 Tabs","Lamivudine/Nevirapine/Zidovudine 150/200/300mg, tablets, 60 Tabs",150/300/200mg,60,118170,See DN-2012 (ID#:84040),11.22,0.19,2858.57
"Lamivudine/Zidovudine 150/300mg, tablets, 60 Tabs","Lamivudine/Zidovudine 150/300mg, tablets, 60 Tabs",150/300mg,60,52752,See DN-2015 (ID#:82917),8.55,0.14,972.42
"Lamivudine/Nevirapine/Stavudine 150/200/30mg, tablets, 60 Tabs","Lamivudine/Nevirapine/Stavudine 150/200/30mg, tablets, 60 Tabs",150/200/30mg,60,59746,See DN-2018 (ID#:82352),5.73,0.1,738.09
"Lamivudine/Nevirapine/Stavudine 150/200/30mg, tablets, 60 Tabs","Lamivudine/Nevirapine/Stavudine 150/200/30mg, tablets, 60 Tabs",150/200/30mg,60,50000,See DN-2019 (ID#:82919),5.73,0.1,617.69
"Stavudine 1mg/ml, powder for oral solution, 200 ml","Stavudine 1mg/ml, powder for oral solution, 200 ml",1mg/ml,200,600,69,1.35,0.01,1.75
"Lamivudine/Zidovudine 150/300mg, tablets, 60 Tabs","Lamivudine/Zidovudine 150/300mg, tablets, 60 Tabs",150/300mg,60,21506,See DN-2026 (ID#:84047),8.55,0.14,396.44
"Emtricitabine/Tenofovir Disoproxil Fumarate 200/300mg, tablets, 30 Tabs","Emtricitabine/Tenofovir Disoproxil Fumarate 200/300mg, tablets, 30 Tabs",200/300mg,30,8375,See DN-2026 (ID#:84047),11.75,0.39,212.16
"Nevirapine 200mg, tablets, 60 Tabs","Nevirapine 200mg, tablets, 60 Tabs",200mg,60,150000,8754,2.66,0.04,860.24
"Efavirenz 200mg, capsule, 90 Caps","Efavirenz 200mg, capsule, 90 Caps",200mg,90,2150,See DN-2025 (ID#:83460),9.71,0.11,45.01
"Lamivudine/Tenofovir Disoproxil Fumarate 300/300mg, tablets, 30 Tabs","Lamivudine/Tenofovir Disoproxil Fumarate 300/300mg, tablets, 30 Tabs",300/300mg,30,21400,See DN-2025 (ID#:83460),9.63,0.32,444.31
"Efavirenz 600mg, tablets, 30 Tabs","Efavirenz 600mg, tablets, 30 Tabs",600mg,30,128000,See DN-2032 (ID#:82921),4.52,0.15,1247.38
"Zidovudine 10mg/ml, oral solution, Bottle, 240 ml","Zidovudine 10mg/ml, oral solution, Bottle, 240 ml",10mg/ml,240,7483,See DN-2035 (ID#:82356),2.02,0.01,32.59
"Lamivudine/Stavudine 150/30mg, tablets, 60 Tabs","Lamivudine/Stavudine 150/30mg, tablets, 60 Tabs",150/30mg,60,8556,643,3.28,0.05,60.51
"Lamivudine/Zidovudine 150/300mg, tablets, 60 Tabs","Lamivudine/Zidovudine 150/300mg, tablets, 60 Tabs",150/300mg,60,50928,See DN-2033 (ID#:82922),8.55,0.14,938.8
"Lamivudine/Nevirapine/Stavudine 150/200/30mg, tablets, 60 Tabs","Lamivudine/Nevirapine/Stavudine 150/200/30mg, tablets, 60 Tabs",150/200/30mg,60,112100,See DN-2041 (ID#:83461),5.43,0.09,1312.36
"Zidovudine 10mg/ml, oral solution, Bottle, 240 ml","Zidovudine 10mg/ml, oral solution, Bottle, 240 ml",10mg/ml,240,551,See DN-2064 (ID#:83469),2.02,0.01,2.4
"Lamivudine 10mg/ml, oral solution w/syringe, Bottle, 240 ml","Lamivudine 10mg/ml, oral solution w/syringe, Bottle, 240 ml",10mg/ml,240,4810,See DN-2073 (ID#:82362),1.85,0.01,19.19
"Abacavir 300mg, tablets, 60 Tabs","Abacavir 300mg, tablets, 60 Tabs",300mg,60,800,364,16.44,0.27,28.36
"Lamivudine/Nevirapine/Zidovudine 150/200/300mg, tablets, 60 Tabs","Lamivudine/Nevirapine/Zidovudine 150/200/300mg, tablets, 60 Tabs",150/300/200mg,60,9255,1243,11.22,0.19,223.88
"Efavirenz 50mg, capsule, 30 Caps","Efavirenz 50mg, capsule, 30 Caps",50mg,30,1467,See DN-2089 (ID#:83478),2.24,0.07,5.42
"Emtricitabine/Tenofovir Disoproxil Fumarate 200/300mg, tablets, 30 Tabs","Emtricitabine/Tenofovir Disoproxil Fumarate 200/300mg, tablets, 30 Tabs",200/300mg,30,55488,See DN-2090 (ID#:82366),10.92,0.36,1306.38
"Stavudine 30mg, capsules, 60 Caps","Stavudine 30mg, capsules, 60 Caps",30mg,60,200,See DN-2090 (ID#:82366),1.4,0.02,0.6
"Abacavir 300mg, tablets, 60 Tabs","Abacavir 300mg, tablets, 60 Tabs",300mg,60,2005,2634,15.5,0.26,51.28
"Efavirenz 600mg, tablets, 30 Tabs","Efavirenz 600mg, tablets, 30 Tabs",600mg,30,34553,See DN-2100 (ID#:85174),4.32,0.14,246.29
"Didanosine 100mg, chewable/dispersible tablets, 60 Tabs","Didanosine 100mg, chewable/dispersible tablets, 60 Tabs",100mg,60,2292,617,7.72,0.13,38.15
"Efavirenz 200mg, capsule, 90 Caps","Efavirenz 200mg, capsule, 90 Caps",200mg,90,492,See DN-2106 (ID#:82933),9.71,0.11,10.3
"Abacavir 300mg, tablets, 60 Tabs","Abacavir 300mg, tablets, 60 Tabs",300mg,60,2436,See DN-2108 (ID#:82368),15.5,0.26,81.41
"Lamivudine/Zidovudine 150/300mg, tablets, 60 Tabs","Lamivudine/Zidovudine 150/300mg, tablets, 60 Tabs",150/300mg,60,6361,See DN-2121 (ID#:82370),8.26,0.14,113.28
"Abacavir 20mg/ml, oral solution w/syringe, Bottle, 240 ml","Abacavir 20mg/ml, oral solution w/syringe, Bottle, 240 ml",20mg/ml,240,448,1135,13.7,0.06,10.13
"Nevirapine 200mg, tablets, 60 Tabs","Nevirapine 200mg, tablets, 60 Tabs",200mg,60,11979,See DN-2144 (ID#:83493),2.51,0.04,64.83
"Efavirenz/Emtricitabine/Tenofovir Disoproxil Fumarate 600/200/300mg, tablets, 30 Tabs","Efavirenz/Emtricitabine/Tenofovir Disoproxil Fumarate 600/200/300mg, tablets, 30 Tabs",600/200/300mg,30,19836,2164,19.92,0.66,851.91
"Efavirenz 600mg, tablets, 30 Tabs","Efavirenz 600mg, tablets, 30 Tabs",600mg,30,45000,5075,4.32,0.14,320.76
"Nevirapine 200mg, tablets, 60 Tabs","Nevirapine 200mg, tablets, 60 Tabs",200mg,60,9073,521,2.51,0.04,49.1
"Efavirenz 600mg, tablets, 30 Tabs","Efavirenz 600mg, tablets, 30 Tabs",600mg,30,2950,See DN-2201 (ID#:84644),4.22,0.14,20.54
"Efavirenz 200mg, capsule, 90 Caps","Efavirenz 200mg, capsule, 90 Caps",200mg,90,811,103,9.71,0.11,16.98
"Efavirenz/Emtricitabine/Tenofovir Disoproxil Fumarate 600/200/300mg, tablets, 30 Tabs","Efavirenz/Emtricitabine/Tenofovir Disoproxil Fumarate 600/200/300mg, tablets, 30 Tabs",600/200/300mg,30,28200,3076,19.92,0.66,926.88
"Tenofovir Disoproxil Fumarate 300mg, tablets, 30 Tabs","Tenofovir Disoproxil Fumarate 300mg, tablets, 30 Tabs",300mg,30,3000,263,6.57,0.22,32.52
"Efavirenz 600mg, tablets, 30 Tabs","Efavirenz 600mg, tablets, 30 Tabs",600mg,30,49142,See DN-2234 (ID#:82386),4.22,0.14,342.18
"Efavirenz 600mg, tablets, 30 Tabs","Efavirenz 600mg, tablets, 30 Tabs",600mg,30,10158,Weight Captured Separately,4.22,0.14,70.73
"Zidovudine 10mg/ml, oral solution w/syringe, Bottle, 240 ml","Zidovudine 10mg/ml, oral solution w/syringe, Bottle, 240 ml",10mg/ml,240,300,Weight Captured Separately,2.1,0.01,1.04
"Tenofovir Disoproxil Fumarate 300mg, tablets, 30 Tabs","Tenofovir Disoproxil Fumarate 300mg, tablets, 30 Tabs",300mg,30,10914,611,6.42,0.21,115.61
"Stavudine 30mg, capsules, 60 Caps","Stavudine 30mg, capsules, 60 Caps",30mg,60,420,36,1.4,0.02,0.97
"Lamivudine/Stavudine 60/12mg, dispersible tablets, 60 Tabs","Lamivudine/Stavudine 60/12mg, dispersible tablets, 60 Tabs",60/12mg,60,5287,357,3.3,0.06,37.62
"Nevirapine 10mg/ml, oral suspension w/syringe, Bottle, 240 ml","Nevirapine 10mg/ml, oral suspension w/syringe, Bottle, 240 ml",10mg/ml,240,3100,1156,1.95,0.01,13.03
"Lamivudine/Nevirapine/Zidovudine 150/200/300mg, tablets, 60 Tabs","Lamivudine/Nevirapine/Zidovudine 150/200/300mg, tablets, 60 Tabs",150/300/200mg,60,23147,See DN-2304 (ID#:82395),11.22,0.19,428.52
"Lamivudine/Nevirapine/Stavudine 150/200/30mg, tablets, 60 Tabs","Lamivudine/Nevirapine/Stavudine 150/200/30mg, tablets, 60 Tabs",150/200/30mg,60,9226,See DN-2343 (ID#:82977),5.38,0.09,81.9
"Nevirapine 10mg/ml, oral suspension w/syringe, Bottle, 240 ml","Nevirapine 10mg/ml, oral suspension w/syringe, Bottle, 240 ml",10mg/ml,240,659,See DN-2361 (ID#:84673),1.95,0.01,2.12
"Efavirenz/Emtricitabine/Tenofovir Disoproxil Fumarate 600/200/300mg, tablets, 30 Tabs","Efavirenz/Emtricitabine/Tenofovir Disoproxil Fumarate 600/200/300mg, tablets, 30 Tabs",600/200/300mg,30,3428,396,19.92,0.66,112.67
"Lamivudine/Nevirapine/Zidovudine 30/50/60mg, dispersible tablets, 60 Tabs","Lamivudine/Nevirapine/Zidovudine 30/50/60mg, dispersible tablets, 60 Tabs",30/50/60mg,60,24940,1456,4.25,0.07,228.53
"Abacavir 20mg/ml, oral solution, Bottle, 240 ml","Abacavir 20mg/ml, oral solution, Bottle, 240 ml",20mg/ml,240,808,298,12.5,0.05,16.66
"Nevirapine 200mg, tablets, 60 Tabs","Nevirapine 200mg, tablets, 60 Tabs",200mg,60,8277,See DN-2388 (ID#:83539),2.58,0.04,35.24
"Abacavir 300mg, tablets, 60 Tabs","Abacavir 300mg, tablets, 60 Tabs",300mg,60,8640,777,15.04,0.25,214.41
"Lamivudine 150mg, tablets, 60 Tabs","Lamivudine 150mg, tablets, 60 Tabs",150mg,60,1458,79,2.33,0.04,5.61
"Lamivudine/Nevirapine/Zidovudine 30/50/60mg, dispersible tablets, 60 Tabs","Lamivudine/Nevirapine/Zidovudine 30/50/60mg, dispersible tablets, 60 Tabs",30/50/60mg,60,9940,562,4.25,0.07,69.7
"Abacavir 20mg/ml, oral solution w/syringe, Bottle, 240 ml","Abacavir 20mg/ml, oral solution w/syringe, Bottle, 240 ml",20mg/ml,240,320,122,12.5,0.05,6.6
"Didanosine 400mg, delayed-release capsules, 30 Caps","Didanosine 400mg, delayed-release capsules, 30 Caps",400mg,30,263,21,20,0.67,8.68
"Zidovudine 300mg, tablets, 60 Tabs","Zidovudine 300mg, tablets, 60 Tabs",300mg,60,5111,See DN-2434 (ID#:84684),7.02,0.12,59.2
"Nevirapine 10mg/ml, oral suspension w/syringe, Bottle, 240 ml","Nevirapine 10mg/ml, oral suspension w/syringe, Bottle, 240 ml",10mg/ml,240,4000,1496,1.95,0.01,10.94
"Zidovudine 300mg, tablets, 60 Tabs","Zidovudine 300mg, tablets, 60 Tabs",300mg,60,90,See DN-2439 (ID#:82991),7.02,0.12,1.04
"Lamivudine/Stavudine 150/30mg, tablets, 60 Tabs","Lamivudine/Stavudine 150/30mg, tablets, 60 Tabs",150/30mg,60,4669,See DN-2441 (ID#:82993),2.95,0.05,22.73
"Lamivudine/Nevirapine/Zidovudine 150/200/300mg, tablets, 60 Tabs","Lamivudine/Nevirapine/Zidovudine 150/200/300mg, tablets, 60 Tabs",150/300/200mg,60,129958,18907,11.22,0.19,2405.91
"Emtricitabine/Tenofovir Disoproxil Fumarate 200/300mg, tablets, 30 Tabs","Emtricitabine/Tenofovir Disoproxil Fumarate 200/300mg, tablets, 30 Tabs",200/300mg,30,11520,See DN-2459 (ID#:82424),8.97,0.3,170.5
"Zidovudine 300mg, tablets, 60 Tabs","Zidovudine 300mg, tablets, 60 Tabs",300mg,60,13590,See DN-2459 (ID#:82424),7.02,0.12,157.41
"Lamivudine 10mg/ml, oral solution w/syringe, Bottle, 240 ml","Lamivudine 10mg/ml, oral solution w/syringe, Bottle, 240 ml",10mg/ml,240,284,103,1.85,0.01,0.87
"Zidovudine 10mg/ml, oral solution w/syringe, Bottle, 240 ml","Zidovudine 10mg/ml, oral solution w/syringe, Bottle, 240 ml",10mg/ml,240,4000,1587,2.1,0.01,13.86
"Lamivudine/Nevirapine/Zidovudine 150/200/300mg, tablets, 60 Tabs","Lamivudine/Nevirapine/Zidovudine 150/200/300mg, tablets, 60 Tabs",150/300/200mg,60,254,See DN-2495 (ID#:83555),11,0.18,3.92
"Abacavir 300mg, tablets, 60 Tabs","Abacavir 300mg, tablets, 60 Tabs",300mg,60,17,See DN-2496 (ID#:82434),14.63,0.24,0.35
"Lopinavir/Ritonavir 200/50mg, tablets, 120 Tabs","Lopinavir/Ritonavir 200/50mg, tablets, 120 Tabs",200/50mg,120,9,See DN-2497 (ID#:82435),33.74,0.28,0.43
"Nevirapine 200mg, tablets, 60 Tabs","Nevirapine 200mg, tablets, 60 Tabs",200mg,60,400,See DN-2499 (ID#:83004),2.58,0.04,1.45
"Nevirapine 10mg/ml, oral suspension w/syringe, Bottle, 240 ml","Nevirapine 10mg/ml, oral suspension w/syringe, Bottle, 240 ml",10mg/ml,240,463,See DN-2505 (ID#:83561),1.95,0.01,1.27
"Nevirapine 10mg/ml, oral suspension w/syringe, Bottle, 240 ml","Nevirapine 10mg/ml, oral suspension w/syringe, Bottle, 240 ml",10mg/ml,240,620,See DN-2506 (ID#:82439),1.95,0.01,1.7
"Nevirapine 10mg/ml, oral suspension w/syringe, Bottle, 240 ml","Nevirapine 10mg/ml, oral suspension w/syringe, Bottle, 240 ml",10mg/ml,240,151,See DN-2509 (ID#:82441),1.95,0.01,0.41
"Lamivudine/Tenofovir Disoproxil Fumarate 300/300mg, tablets, 30 Tabs","Lamivudine/Tenofovir Disoproxil Fumarate 300/300mg, tablets, 30 Tabs",300/300mg,30,19,See DN-2509 (ID#:82441),6.08,0.2,0.16
"Zidovudine 300mg, tablets, 60 Tabs","Zidovudine 300mg, tablets, 60 Tabs",300mg,60,105,See DN-2510 (ID#:82442),7.02,0.12,1.03
"Nevirapine 10mg/ml, oral suspension w/syringe, Bottle, 240 ml","Nevirapine 10mg/ml, oral suspension w/syringe, Bottle, 240 ml",10mg/ml,240,41998,12489,1.95,0.01,135.13
"Lamivudine/Nevirapine/Stavudine 150/200/30mg, tablets, 60 Tabs","Lamivudine/Nevirapine/Stavudine 150/200/30mg, tablets, 60 Tabs",150/200/30mg,60,13212,See DN-2519 (ID#:84141),5.38,0.09,117.28
"Lamivudine 150mg, tablets, 60 Tabs","Lamivudine 150mg, tablets, 60 Tabs",150mg,60,73,5,2.33,0.04,0.24
"Abacavir 300mg, tablets, 60 Tabs","Abacavir 300mg, tablets, 60 Tabs",300mg,60,2250,See DN-2535 (ID#:83011),14.63,0.24,46.15
"Efavirenz 200mg, capsule, 90 Caps","Efavirenz 200mg, capsule, 90 Caps",200mg,90,6510,830,8.87,0.1,95.28
"Efavirenz 600mg, tablets, 30 Tabs","Efavirenz 600mg, tablets, 30 Tabs",600mg,30,47614,3453,4.12,0.14,275.03
"Zidovudine 300mg, tablets, 60 Tabs","Zidovudine 300mg, tablets, 60 Tabs",300mg,60,39402,See DN-2558 (ID#:82453),7.02,0.12,456.39
"Efavirenz 200mg, capsule, 90 Caps","Efavirenz 200mg, capsule, 90 Caps",200mg,90,1530,233,8.87,0.1,19.03
"Tenofovir Disoproxil Fumarate 300mg, tablets, 30 Tabs","Tenofovir Disoproxil Fumarate 300mg, tablets, 30 Tabs",300mg,30,3000,188,5.5,0.18,23.13
"Lamivudine 150mg, tablets, 60 Tabs","Lamivudine 150mg, tablets, 60 Tabs",150mg,60,19501,2046,2.33,0.04,63.7
"Lamivudine/Nevirapine/Zidovudine 30/50/60mg, dispersible tablets, 60 Tabs","Lamivudine/Nevirapine/Zidovudine 30/50/60mg, dispersible tablets, 60 Tabs",30/50/60mg,60,11262,641,4.25,0.07,78.97
"Emtricitabine/Tenofovir Disoproxil Fumarate 200/300mg, tablets, 30 Tabs","Emtricitabine/Tenofovir Disoproxil Fumarate 200/300mg, tablets, 30 Tabs",200/300mg,30,54850,2236,8.97,0.3,811.81
"Lopinavir/Ritonavir 200/50mg [Aluvia], tablets, 120 Tabs","Lopinavir/Ritonavir 200/50mg [Aluvia], tablets, 120 Tabs",200/50mg,120,240,See DN-2594 (ID#:83021),33.74,0.28,11.35
"Lamivudine/Zidovudine 150/300mg, tablets, 60 Tabs","Lamivudine/Zidovudine 150/300mg, tablets, 60 Tabs",150/300mg,60,2900,See DN-2597 (ID#:82462),8,0.13,32.53
"Abacavir 300mg, tablets, 60 Tabs","Abacavir 300mg, tablets, 60 Tabs",300mg,60,10440,See DN-2601 (ID#:84156),14.63,0.24,252.02
"Lamivudine/Zidovudine 150/300mg, tablets, 60 Tabs","Lamivudine/Zidovudine 150/300mg, tablets, 60 Tabs",150/300mg,60,26574,2369,7.78,0.13,289.86
"Lamivudine/Tenofovir Disoproxil Fumarate 300/300mg, tablets, 30 Tabs","Lamivudine/Tenofovir Disoproxil Fumarate 300/300mg, tablets, 30 Tabs",300/300mg,30,78082,See DN-2605 (ID#:82467),6.08,0.2,783.32
"Lamivudine/Stavudine 150/30mg, tablets, 60 Tabs","Lamivudine/Stavudine 150/30mg, tablets, 60 Tabs",150/30mg,60,7150,See DN-2605 (ID#:82467),2.95,0.05,34.8
"Lamivudine/Nevirapine/Zidovudine 150/200/300mg, tablets, 60 Tabs","Lamivudine/Nevirapine/Zidovudine 150/200/300mg, tablets, 60 Tabs",150/300/200mg,60,12762,See DN-2607 (ID#:83580),11,0.18,231.63
"Abacavir 300mg, tablets, 60 Tabs","Abacavir 300mg, tablets, 60 Tabs",300mg,60,15000,1677,14.63,0.24,307.67
"Lamivudine/Nevirapine/Stavudine 150/200/30mg, tablets, 60 Tabs","Lamivudine/Nevirapine/Stavudine 150/200/30mg, tablets, 60 Tabs",150/200/30mg,60,4666,346,5.38,0.09,41.42
"Lamivudine/Nevirapine/Stavudine 150/200/30mg, tablets, 60 Tabs","Lamivudine/Nevirapine/Stavudine 150/200/30mg, tablets, 60 Tabs",150/200/30mg,60,71030,See DN-2621 (ID#:83583),5.38,0.09,630.53
"Lamivudine/Zidovudine 150/300mg, tablets, 60 Tabs","Lamivudine/Zidovudine 150/300mg, tablets, 60 Tabs",150/300mg,60,96655,See DN-2624 (ID#:83584),8,0.13,1275.85
"Zidovudine 300mg, tablets, 60 Tabs","Zidovudine 300mg, tablets, 60 Tabs",300mg,60,136109,See DN-2624 (ID#:83584),7.02,0.12,1576.55
"Efavirenz 600mg, tablets, 30 Tabs","Efavirenz 600mg, tablets, 30 Tabs",600mg,30,109226,6636,4.12,0.14,630.92
"Lamivudine/Nevirapine/Zidovudine 150/200/300mg, tablets, 60 Tabs","Lamivudine/Nevirapine/Zidovudine 150/200/300mg, tablets, 60 Tabs",150/300/200mg,60,326131,46522,11,0.18,5029.59
"Lamivudine 150mg, tablets, 60 Tabs","Lamivudine 150mg, tablets, 60 Tabs",150mg,60,1005,544,2.33,0.04,3.28
"Abacavir/Lamivudine 600/300mg, scored tablets, 30 Tabs","Abacavir/Lamivudine 600/300mg, scored tablets, 30 Tabs",600/300mg,30,330,See DN-2639 (ID#:83588),22.5,0.75,10.41
"Tenofovir Disoproxil Fumarate 300mg, tablets, 30 Tabs","Tenofovir Disoproxil Fumarate 300mg, tablets, 30 Tabs",300mg,30,368,See DN-2641 (ID#:83029),5.5,0.18,2.84
"Lamivudine/Tenofovir Disoproxil Fumarate 300/300mg, tablets, 30 Tabs","Lamivudine/Tenofovir Disoproxil Fumarate 300/300mg, tablets, 30 Tabs",300/300mg,30,39680,3329,5.54,0.18,308.2
"Efavirenz 600mg, tablets, 30 Tabs","Efavirenz 600mg, tablets, 30 Tabs",600mg,30,17422,See DN-2655 (ID#:82474),4.12,0.14,118.43
"Abacavir/Lamivudine 600/300mg, scored tablets, 30 Tabs","Abacavir/Lamivudine 600/300mg, scored tablets, 30 Tabs",600/300mg,30,1620,See DN-2652 (ID#:82477),22.5,0.75,51.1
"Lamivudine/Tenofovir Disoproxil Fumarate 300/300mg, tablets, 30 Tabs","Lamivudine/Tenofovir Disoproxil Fumarate 300/300mg, tablets, 30 Tabs",300/300mg,30,50928,5456,5.54,0.18,395.56
"Abacavir 300mg, tablets, 60 Tabs","Abacavir 300mg, tablets, 60 Tabs",300mg,60,7452,737,13.15,0.22,137.39
"Lamivudine/Stavudine 150/30mg, tablets, 60 Tabs","Lamivudine/Stavudine 150/30mg, tablets, 60 Tabs",150/30mg,60,7150,See DN-2693 (ID#:82481),2.95,0.05,34.8
"Lamivudine/Nevirapine/Zidovudine 150/200/300mg, tablets, 60 Tabs","Lamivudine/Nevirapine/Zidovudine 150/200/300mg, tablets, 60 Tabs",150/300/200mg,60,11574,See DN-2693 (ID#:82481),10.29,0.17,196.51
"Nevirapine 200mg, tablets, 60 Tabs","Nevirapine 200mg, tablets, 60 Tabs",200mg,60,1200,See DN-2697 (ID#:83045),2.44,0.04,4.11
"Lamivudine/Zidovudine 150/300mg, tablets, 60 Tabs","Lamivudine/Zidovudine 150/300mg, tablets, 60 Tabs",150/300mg,60,1440,See DN-2697 (ID#:83045),7.78,0.13,15.71
"Abacavir/Lamivudine/Zidovudine 300/150/300mg, tablets, 60 Tabs","Abacavir/Lamivudine/Zidovudine 300/150/300mg, tablets, 60 Tabs",300/150/300mg,60,3136,478,30,0.5,131.9
"Lamivudine 10mg/ml, oral solution w/syringe, Bottle, 240 ml","Lamivudine 10mg/ml, oral solution w/syringe, Bottle, 240 ml",10mg/ml,240,230,83,1.85,0.01,0.6
"Nevirapine 200mg, tablets, 60 Tabs","Nevirapine 200mg, tablets, 60 Tabs",200mg,60,181926,11438,2.44,0.04,622.35
"Lamivudine 150mg, tablets, 60 Tabs","Lamivudine 150mg, tablets, 60 Tabs",150mg,60,20000,2238,2.33,0.04,65.33
"Lamivudine/Tenofovir Disoproxil Fumarate 300/300mg, tablets, 30 Tabs","Lamivudine/Tenofovir Disoproxil Fumarate 300/300mg, tablets, 30 Tabs",300/300mg,30,27911,11969,5.54,0.18,216.79
"Tenofovir Disoproxil Fumarate 300mg, tablets, 30 Tabs","Tenofovir Disoproxil Fumarate 300mg, tablets, 30 Tabs",300mg,30,2816,231,5.5,0.18,21.71
"Abacavir/Lamivudine/Zidovudine 300/150/300mg, tablets, 60 Tabs","Abacavir/Lamivudine/Zidovudine 300/150/300mg, tablets, 60 Tabs",300/150/300mg,60,1840,See DN-2716 (ID#:83597),30,0.5,77.39
"Nevirapine 200mg, tablets, 60 Tabs","Nevirapine 200mg, tablets, 60 Tabs",200mg,60,36000,See DN-2724 (ID#:82486),2.44,0.04,123.15
"Lamivudine 150mg, tablets, 60 Tabs","Lamivudine 150mg, tablets, 60 Tabs",150mg,60,732,57,2.33,0.04,2.39
"Efavirenz 600mg, tablets, 30 Tabs","Efavirenz 600mg, tablets, 30 Tabs",600mg,30,17422,See DN-2742 (ID#:84181),3.81,0.13,109.52
"Lamivudine 150mg, tablets, 60 Tabs","Lamivudine 150mg, tablets, 60 Tabs",150mg,60,834,See DN-2744 (ID#:82490),2.22,0.04,2.6
"Abacavir 300mg, tablets, 60 Tabs","Abacavir 300mg, tablets, 60 Tabs",300mg,60,27452,See DN-2763 (ID#:82493),12.96,0.22,498.8
"Abacavir 20mg/ml, oral solution w/syringe, Bottle, 240 ml","Abacavir 20mg/ml, oral solution w/syringe, Bottle, 240 ml",20mg/ml,240,608,223,12.5,0.05,10.66
"Lamivudine/Zidovudine 30/60mg, tablets, 60 Tabs","Lamivudine/Zidovudine 30/60mg, tablets, 60 Tabs",30/60mg,60,38347,1502,2.76,0.05,148.38
"Lamivudine/Zidovudine 150/300mg, tablets, 60 Tabs","Lamivudine/Zidovudine 150/300mg, tablets, 60 Tabs",150/300mg,60,25712,See DN-2764 (ID#:82494),7.72,0.13,278.29
"Didanosine 200mg, delayed-release capsules, 30 Caps","Didanosine 200mg, delayed-release capsules, 30 Caps",200mg,30,2528,740,11,0.37,38.99
"Lopinavir/Ritonavir 200/50mg, tablets, 120 Tabs","Lopinavir/Ritonavir 200/50mg, tablets, 120 Tabs",200/50mg,120,7541,2003,29.68,0.25,313.79
"Nevirapine 200mg, tablets, 60 Tabs","Nevirapine 200mg, tablets, 60 Tabs",200mg,60,12156,See DN-2773 (ID#:83608),2.51,0.04,42.78
"Nevirapine 200mg, tablets, 60 Tabs","Nevirapine 200mg, tablets, 60 Tabs",200mg,60,10963,See DN-2803 (ID#:83613),2.42,0.04,43.78
"Efavirenz 600mg, tablets, 30 Tabs","Efavirenz 600mg, tablets, 30 Tabs",600mg,30,17422,See DN-2804 (ID#:82499),3.81,0.13,109.52
"Stavudine 15mg, capsules, 60 Caps","Stavudine 15mg, capsules, 60 Caps",15mg,60,25,5,1.32,0.02,0.05
"Zidovudine 10mg/ml, oral solution w/syringe, Bottle, 240 ml","Zidovudine 10mg/ml, oral solution w/syringe, Bottle, 240 ml",10mg/ml,240,366,See DN-2811 (ID#:83067),2.1,0.01,1.08
"Zidovudine 300mg, tablets, 60 Tabs","Zidovudine 300mg, tablets, 60 Tabs",300mg,60,1652,See DN-2811 (ID#:83067),6.76,0.11,15.66
"Nevirapine 10mg/ml, oral suspension w/syringe, Bottle, 240 ml","Nevirapine 10mg/ml, oral suspension w/syringe, Bottle, 240 ml",10mg/ml,240,288,See DN-2811 (ID#:83067),1.95,0.01,0.79
"Abacavir 300mg, tablets, 60 Tabs","Abacavir 300mg, tablets, 60 Tabs",300mg,60,298,See DN-2812 (ID#:83068),12.96,0.22,5.41
"Efavirenz 600mg, tablets, 30 Tabs","Efavirenz 600mg, tablets, 30 Tabs",600mg,30,525,See DN-2812 (ID#:83068),3.81,0.13,2.8
"Abacavir 20mg/ml, oral solution w/syringe, Bottle, 240 ml","Abacavir 20mg/ml, oral solution w/syringe, Bottle, 240 ml",20mg/ml,240,80,29,12.5,0.05,1.4
"Efavirenz 600mg, tablets, 30 Tabs","Efavirenz 600mg, tablets, 30 Tabs",600mg,30,17124,See DN-2833 (ID#:82506),3.91,0.13,93.87
"Efavirenz 200mg, capsule, 90 Caps","Efavirenz 200mg, capsule, 90 Caps",200mg,90,3400,See DN-2837 (ID#:82507),8.26,0.09,39.37
"Nevirapine 200mg, tablets, 60 Tabs","Nevirapine 200mg, tablets, 60 Tabs",200mg,60,22783,1285,2.42,0.04,77.3
"Nevirapine 200mg, tablets, 60 Tabs","Nevirapine 200mg, tablets, 60 Tabs",200mg,60,26432,1499,2.42,0.04,89.68
"Efavirenz 600mg, tablets, 30 Tabs","Efavirenz 600mg, tablets, 30 Tabs",600mg,30,50400,3090,3.91,0.13,276.28
"Nevirapine 200mg, tablets, 60 Tabs","Nevirapine 200mg, tablets, 60 Tabs",200mg,60,300,See DN-2857 (ID#:83623),2.42,0.04,1.02
"Lamivudine/Tenofovir Disoproxil Fumarate 300/300mg, tablets, 30 Tabs","Lamivudine/Tenofovir Disoproxil Fumarate 300/300mg, tablets, 30 Tabs",300/300mg,30,11492,See DN-2859 (ID#:82512),5.54,0.18,89.26
"Lamivudine/Nevirapine/Zidovudine 150/200/300mg, tablets, 60 Tabs","Lamivudine/Nevirapine/Zidovudine 150/200/300mg, tablets, 60 Tabs",150/300/200mg,60,17520,9370,9.81,0.16,240.96
"Lamivudine 150mg, tablets, 60 Tabs","Lamivudine 150mg, tablets, 60 Tabs",150mg,60,8586,See DN-2862 (ID#:83083),2.22,0.04,26.72
"Nevirapine 200mg, tablets, 60 Tabs","Nevirapine 200mg, tablets, 60 Tabs",200mg,60,69737,4028,2.42,0.04,236.61
"Efavirenz 600mg, tablets, 30 Tabs","Efavirenz 600mg, tablets, 30 Tabs",600mg,30,56228,6242,3.64,0.12,286.95
"Efavirenz 600mg, tablets, 30 Tabs","Efavirenz 600mg, tablets, 30 Tabs",600mg,30,23705,See DN-2880 (ID#:85310),3.64,0.12,120.97
"Nevirapine 200mg, tablets, 60 Tabs","Nevirapine 200mg, tablets, 60 Tabs",200mg,60,50000,7567,2.44,0.04,171.04
"Lamivudine/Zidovudine 150/300mg, tablets, 60 Tabs","Lamivudine/Zidovudine 150/300mg, tablets, 60 Tabs",150/300mg,60,11597,See DN-2900 (ID#:84199),7.72,0.13,125.52
"Lopinavir/Ritonavir 200/50mg, tablets, 120 Tabs","Lopinavir/Ritonavir 200/50mg, tablets, 120 Tabs",200/50mg,120,51861,14647,26.7,0.22,1941.33
"Lamivudine/Zidovudine 30/60mg, tablets, 60 Tabs","Lamivudine/Zidovudine 30/60mg, tablets, 60 Tabs",30/60mg,60,15120,959,2.76,0.05,58.51
"Lamivudine 150mg, tablets, 60 Tabs","Lamivudine 150mg, tablets, 60 Tabs",150mg,60,876,44,2.16,0.04,2.65
"Efavirenz 200mg, scored tablets, 90 Tabs","Efavirenz 200mg, scored tablets, 90 Tabs",200mg,90,6654,465,7.3,0.08,68.1
"Lamivudine/Zidovudine 150/300mg, tablets, 60 Tabs","Lamivudine/Zidovudine 150/300mg, tablets, 60 Tabs",150/300mg,60,16971,1464,7.72,0.13,183.68
"Lamivudine 150mg, tablets, 60 Tabs","Lamivudine 150mg, tablets, 60 Tabs",150mg,60,2131,117,2.16,0.04,6.45
"Lopinavir/Ritonavir 200/50mg, tablets, 120 Tabs","Lopinavir/Ritonavir 200/50mg, tablets, 120 Tabs",200/50mg,120,574,4758,26.7,0.22,21.49
"Lamivudine/Nevirapine/Zidovudine 150/200/300mg, tablets, 60 Tabs","Lamivudine/Nevirapine/Zidovudine 150/200/300mg, tablets, 60 Tabs",150/300/200mg,60,84875,18031,9.62,0.16,1144.73
"Abacavir 300mg, tablets, 60 Tabs","Abacavir 300mg, tablets, 60 Tabs",300mg,60,155,See DN-2981 (ID#:82538),12.96,0.22,2.48
"Nevirapine 10mg/ml, oral suspension w/syringe, Bottle, 240 ml","Nevirapine 10mg/ml, oral suspension w/syringe, Bottle, 240 ml",10mg/ml,240,7003,See DN-2981 (ID#:82538),1.95,0.01,16.89
"Nevirapine 200mg, tablets, 60 Tabs","Nevirapine 200mg, tablets, 60 Tabs",200mg,60,170,See DN-2981 (ID#:82538),2.31,0.04,0.49
"Nevirapine 200mg, tablets, 60 Tabs","Nevirapine 200mg, tablets, 60 Tabs",200mg,60,131487,See DN-2989 (ID#:84216),2.42,0.04,446.11
"Lamivudine/Zidovudine 150/300mg, tablets, 60 Tabs","Lamivudine/Zidovudine 150/300mg, tablets, 60 Tabs",150/300mg,60,22790,22259,7.27,0.12,232.29
"Lamivudine 150mg, tablets, 60 Tabs","Lamivudine 150mg, tablets, 60 Tabs",150mg,60,1458,See DN-3012 (ID#:83107),1.99,0.03,3.59
"Lamivudine/Zidovudine 150/300mg, tablets, 60 Tabs","Lamivudine/Zidovudine 150/300mg, tablets, 60 Tabs",150/300mg,60,1296,See DN-3017 (ID#:83108),7.27,0.12,11.65
"Efavirenz/Lamivudine/Tenofovir Disoproxil Fumarate 600/300/300mg, tablets, 30 Tabs","Efavirenz/Lamivudine/Tenofovir Disoproxil Fumarate 600/300/300mg, tablets, 30 Tabs",600/300/300mg,30,14704,See DN-3034 (ID#:84791),12.11,0.4,220.27
"Abacavir/Lamivudine 600/300mg, scored tablets, 30 Tabs","Abacavir/Lamivudine 600/300mg, scored tablets, 30 Tabs",600/300mg,30,810,52,13.96,0.47,15.85
"Lamivudine/Zidovudine 30/60mg, tablets, 60 Tabs","Lamivudine/Zidovudine 30/60mg, tablets, 60 Tabs",30/60mg,60,3024,See DN-3043 (ID#:84792),2.26,0.04,8.45
"Efavirenz 200mg, scored tablets, 90 Tabs","Efavirenz 200mg, scored tablets, 90 Tabs",200mg,90,2000,See DN-3015 (ID#:82554),7.3,0.08,18.06
"Stavudine 1mg/ml, powder for oral solution w/syringe, 200 ml","Stavudine 1mg/ml, powder for oral solution w/syringe, 200 ml",1mg/ml,200,330,See DN-3015 (ID#:82554),1.25,0.01,0.51
"Lamivudine/Zidovudine 150/300mg, tablets, 60 Tabs","Lamivudine/Zidovudine 150/300mg, tablets, 60 Tabs",150/300mg,60,53220,See DN-3015 (ID#:82554),7.27,0.12,478.61
"Nevirapine 200mg, tablets, 60 Tabs","Nevirapine 200mg, tablets, 60 Tabs",200mg,60,7875,See DN-3042 (ID#:83663),2.26,0.04,22.02
"Nevirapine 200mg, tablets, 60 Tabs","Nevirapine 200mg, tablets, 60 Tabs",200mg,60,30000,See DN-3048 (ID#:84235),2.26,0.04,95.06
"Lamivudine 150mg, tablets, 60 Tabs","Lamivudine 150mg, tablets, 60 Tabs",150mg,60,529,See DN-3059 (ID#:82560),1.99,0.03,1.3
"Lamivudine/Zidovudine 150/300mg, tablets, 60 Tabs","Lamivudine/Zidovudine 150/300mg, tablets, 60 Tabs",150/300mg,60,487,See DN-3060 (ID#:83121),7.27,0.12,4.38
"Lamivudine/Zidovudine 30/60mg, tablets, 60 Tabs","Lamivudine/Zidovudine 30/60mg, tablets, 60 Tabs",30/60mg,60,2125,See DN-3065 (ID#:83123),2.26,0.04,5.94
"Nevirapine 200mg, tablets, 60 Tabs","Nevirapine 200mg, tablets, 60 Tabs",200mg,60,3485,214,2.26,0.04,9.74
"Lamivudine/Nevirapine/Zidovudine 150/200/300mg, tablets, 60 Tabs","Lamivudine/Nevirapine/Zidovudine 150/200/300mg, tablets, 60 Tabs",150/300/200mg,60,73271,See DN-3092 (ID#:83128),8.58,0.14,881.39
"Lamivudine/Nevirapine/Zidovudine 150/200/300mg, tablets, 60 Tabs","Lamivudine/Nevirapine/Zidovudine 150/200/300mg, tablets, 60 Tabs",150/300/200mg,60,50000,See DN-3075 (ID#:83129),8.58,0.14,601.46
"Zidovudine 10mg/ml, oral solution w/syringe, Bottle, 240 ml","Zidovudine 10mg/ml, oral solution w/syringe, Bottle, 240 ml",10mg/ml,240,397,See DN-3099 (ID#:82566),2.1,0.01,1.03
"Emtricitabine/Tenofovir Disoproxil Fumarate 200/300mg, tablets, 30 Tabs","Emtricitabine/Tenofovir Disoproxil Fumarate 200/300mg, tablets, 30 Tabs",200/300mg,30,31512,2635,6.07,0.2,236.61
"Nevirapine 10mg/ml, oral suspension w/syringe, Bottle, 240 ml","Nevirapine 10mg/ml, oral suspension w/syringe, Bottle, 240 ml",10mg/ml,240,36229,13310,1.95,0.01,87.39
"Tenofovir Disoproxil Fumarate 300mg, tablets, 30 Tabs","Tenofovir Disoproxil Fumarate 300mg, tablets, 30 Tabs",300mg,30,1980,126,4.04,0.13,11.21
"Lamivudine/Tenofovir Disoproxil Fumarate 300/300mg, tablets, 30 Tabs","Lamivudine/Tenofovir Disoproxil Fumarate 300/300mg, tablets, 30 Tabs",300/300mg,30,8250,See DN-3117 (ID#:83132),4.7,0.16,47.96
"Nevirapine 200mg, tablets, 60 Tabs","Nevirapine 200mg, tablets, 60 Tabs",200mg,60,450,See DN-3118 (ID#:82569),2.26,0.04,1.26
"Efavirenz 600mg, tablets, 30 Tabs","Efavirenz 600mg, tablets, 30 Tabs",600mg,30,24912,See DN-3122 (ID#:82570),3.33,0.11,102.62
"Lamivudine/Nevirapine/Zidovudine 150/200/300mg, tablets, 60 Tabs","Lamivudine/Nevirapine/Zidovudine 150/200/300mg, tablets, 60 Tabs",150/300/200mg,60,68736,See DN-3122 (ID#:82570),8.58,0.14,729.53
"Efavirenz/Lamivudine/Tenofovir Disoproxil Fumarate 600/300/300mg, tablets, 30 Tabs","Efavirenz/Lamivudine/Tenofovir Disoproxil Fumarate 600/300/300mg, tablets, 30 Tabs",600/300/300mg,30,1278,See DN-3125 (ID#:82571),10.52,0.35,16.63
"Lamivudine/Tenofovir Disoproxil Fumarate 300/300mg, tablets, 30 Tabs","Lamivudine/Tenofovir Disoproxil Fumarate 300/300mg, tablets, 30 Tabs",300/300mg,30,26940,2517,4.7,0.16,156.63
"Zidovudine 10mg/ml, oral solution w/syringe, Bottle, 240 ml","Zidovudine 10mg/ml, oral solution w/syringe, Bottle, 240 ml",10mg/ml,240,13150,See DN-3133 (ID#:84254),2.1,0.01,34.16
"Lamivudine/Nevirapine/Zidovudine 30/50/60mg, dispersible tablets, 60 Tabs","Lamivudine/Nevirapine/Zidovudine 30/50/60mg, dispersible tablets, 60 Tabs",30/50/60mg,60,5861,345,4.15,0.07,30.09
"Efavirenz/Emtricitabine/Tenofovir Disoproxil Fumarate 600/200/300mg, tablets, 30 Tabs","Efavirenz/Emtricitabine/Tenofovir Disoproxil Fumarate 600/200/300mg, tablets, 30 Tabs",600/200/300mg,30,59615,7722,12.96,0.43,1083.2
"Lamivudine/Zidovudine 30/60mg, tablets, 60 Tabs","Lamivudine/Zidovudine 30/60mg, tablets, 60 Tabs",30/60mg,60,9627,486,2.26,0.04,26.91
"Zidovudine 10mg/ml, oral solution w/syringe, Bottle, 240 ml","Zidovudine 10mg/ml, oral solution w/syringe, Bottle, 240 ml",10mg/ml,240,3000,1151,2.1,0.01,7.79
"Lamivudine/Nevirapine/Zidovudine 150/200/300mg, tablets, 60 Tabs","Lamivudine/Nevirapine/Zidovudine 150/200/300mg, tablets, 60 Tabs",150/300/200mg,60,31132,5041,8.58,0.14,330.42
"Abacavir 300mg, tablets, 60 Tabs","Abacavir 300mg, tablets, 60 Tabs",300mg,60,10000,1033,12.96,0.22,160.32
"Lamivudine/Zidovudine 150/300mg, tablets, 60 Tabs","Lamivudine/Zidovudine 150/300mg, tablets, 60 Tabs",150/300mg,60,92492,See DN-3186 (ID#:83688),7,0.12,907.72
"Lamivudine/Nevirapine/Zidovudine 150/200/300mg, tablets, 60 Tabs","Lamivudine/Nevirapine/Zidovudine 150/200/300mg, tablets, 60 Tabs",150/300/200mg,60,50000,Weight Captured Separately,8.58,0.14,530.67
"Efavirenz 600mg, tablets, 30 Tabs","Efavirenz 600mg, tablets, 30 Tabs",600mg,30,1428,See DN-3199 (ID#:84270),3.33,0.11,5.88
"Efavirenz 600mg, tablets, 30 Tabs","Efavirenz 600mg, tablets, 30 Tabs",600mg,30,60000,See DN-3199 (ID#:84270),3.33,0.11,247.15
"Efavirenz/Emtricitabine/Tenofovir Disoproxil Fumarate 600/200/300mg, tablets, 30 Tabs","Efavirenz/Emtricitabine/Tenofovir Disoproxil Fumarate 600/200/300mg, tablets, 30 Tabs",600/200/300mg,30,53787,6342,12.96,0.43,862.29
"Lamivudine/Zidovudine 150/300mg, tablets, 60 Tabs","Lamivudine/Zidovudine 150/300mg, tablets, 60 Tabs",150/300mg,60,107832,8744,7,0.12,1058.26
"Nevirapine 200mg, tablets, 60 Tabs","Nevirapine 200mg, tablets, 60 Tabs",200mg,60,10227,See DN-3231 (ID#:84831),2.26,0.04,28.59
"Nevirapine 200mg, tablets, 60 Tabs","Nevirapine 200mg, tablets, 60 Tabs",200mg,60,98203,See DN-3231 (ID#:84831),2.26,0.04,274.54
"Lamivudine/Nevirapine/Zidovudine 30/50/60mg, dispersible tablets, 60 Tabs","Lamivudine/Nevirapine/Zidovudine 30/50/60mg, dispersible tablets, 60 Tabs",30/50/60mg,60,49000,3573,4.15,0.07,251.54
"Abacavir/Lamivudine 60/30mg, tablets, 60 Tabs","Abacavir/Lamivudine 60/30mg, tablets, 60 Tabs",60/30mg,60,578,24,4,0.07,2.86
"Abacavir 300mg, tablets, 60 Tabs","Abacavir 300mg, tablets, 60 Tabs",300mg,60,5410,See DN-3258 (ID#:83706),12.96,0.22,86.73
"Lamivudine/Zidovudine 150/300mg, tablets, 60 Tabs","Lamivudine/Zidovudine 150/300mg, tablets, 60 Tabs",150/300mg,60,240,See DN-3259 (ID#:84838),7.27,0.12,2.16
"Lamivudine/Nevirapine/Zidovudine 150/200/300mg, tablets, 60 Tabs","Lamivudine/Nevirapine/Zidovudine 150/200/300mg, tablets, 60 Tabs",150/300/200mg,60,60000,7857,8.26,0.14,613.06
"Lamivudine/Nevirapine/Zidovudine 150/200/300mg, tablets, 60 Tabs","Lamivudine/Nevirapine/Zidovudine 150/200/300mg, tablets, 60 Tabs",150/300/200mg,60,100000,See DN-3267 (ID#:83708),8.58,0.14,1061.35
"Abacavir 300mg, tablets, 60 Tabs","Abacavir 300mg, tablets, 60 Tabs",300mg,60,379,See DN-3268 (ID#:82595),12.96,0.22,6.08
"Lamivudine 150mg, tablets, 60 Tabs","Lamivudine 150mg, tablets, 60 Tabs",150mg,60,373,See DN-3268 (ID#:82595),1.99,0.03,0.92
"Lamivudine 10mg/ml, oral solution w/syringe, Bottle, 240 ml","Lamivudine 10mg/ml, oral solution w/syringe, Bottle, 240 ml",10mg/ml,240,927,891,1.85,0.01,2.12
"Zidovudine 10mg/ml, oral solution w/syringe, Bottle, 240 ml","Zidovudine 10mg/ml, oral solution w/syringe, Bottle, 240 ml",10mg/ml,240,1480,See DN-3234 (ID#:85388),2.1,0.01,3.84
"Lamivudine/Zidovudine 30/60mg, tablets, 60 Tabs","Lamivudine/Zidovudine 30/60mg, tablets, 60 Tabs",30/60mg,60,1413,See DN-3269 (ID#:83711),2.26,0.04,3.95
"Lamivudine/Nevirapine/Zidovudine 30/50/60mg, dispersible tablets, 60 Tabs","Lamivudine/Nevirapine/Zidovudine 30/50/60mg, dispersible tablets, 60 Tabs",30/50/60mg,60,5076,See DN-3269 (ID#:83711),4.15,0.07,26.06
"Abacavir/Lamivudine 60/30mg, tablets, 60 Tabs","Abacavir/Lamivudine 60/30mg, tablets, 60 Tabs",60/30mg,60,40,See DN-3269 (ID#:83711),4,0.07,0.2
"Lamivudine/Nevirapine/Zidovudine 150/200/300mg, tablets, 60 Tabs","Lamivudine/Nevirapine/Zidovudine 150/200/300mg, tablets, 60 Tabs",150/300/200mg,60,50000,6481,8.26,0.14,510.88
"Lamivudine/Nevirapine/Zidovudine 150/200/300mg, tablets, 60 Tabs","Lamivudine/Nevirapine/Zidovudine 150/200/300mg, tablets, 60 Tabs",150/300/200mg,60,59680,9886,8.58,0.14,633.41
"Lamivudine/Nevirapine/Stavudine 150/200/30mg, tablets, 60 Tabs","Lamivudine/Nevirapine/Stavudine 150/200/30mg, tablets, 60 Tabs",150/200/30mg,60,13100,See DN-3281 (ID#:82599),4.7,0.08,76.16
"Emtricitabine/Tenofovir Disoproxil Fumarate 200/300mg, tablets, 30 Tabs","Emtricitabine/Tenofovir Disoproxil Fumarate 200/300mg, tablets, 30 Tabs",200/300mg,30,2562,240,6.07,0.2,19.24
"Nevirapine 10mg/ml, oral suspension w/syringe, Bottle, 240 ml","Nevirapine 10mg/ml, oral suspension w/syringe, Bottle, 240 ml",10mg/ml,240,14146,5475,1.95,0.01,34.12
"Lamivudine/Nevirapine/Zidovudine 150/200/300mg, tablets, 60 Tabs","Lamivudine/Nevirapine/Zidovudine 150/200/300mg, tablets, 60 Tabs",150/300/200mg,60,80000,See DN-3324 (ID#:84854),8.58,0.14,849.08
"Abacavir 300mg, tablets, 60 Tabs","Abacavir 300mg, tablets, 60 Tabs",300mg,60,62000,6795,11.46,0.19,878.91
"Lamivudine/Zidovudine 150/300mg, tablets, 60 Tabs","Lamivudine/Zidovudine 150/300mg, tablets, 60 Tabs",150/300mg,60,19920,See DN-3329 (ID#:82602),7.27,0.12,179.14
"Zidovudine 10mg/ml, oral solution w/syringe, Bottle, 240 ml","Zidovudine 10mg/ml, oral solution w/syringe, Bottle, 240 ml",10mg/ml,240,160,See DN-3331 (ID#:82603),2.1,0.01,0.42
"Efavirenz 600mg, tablets, 30 Tabs","Efavirenz 600mg, tablets, 30 Tabs",600mg,30,41083,See DN-3355 (ID#:83726),3.33,0.11,169.23
"Nevirapine 200mg, tablets, 60 Tabs","Nevirapine 200mg, tablets, 60 Tabs",200mg,60,35496,Weight Captured Separately,2.26,0.04,99.23
"Nevirapine 200mg, tablets, 60 Tabs","Nevirapine 200mg, tablets, 60 Tabs",200mg,60,80000,6502,2.26,0.04,223.65
"Lamivudine/Nevirapine/Zidovudine 150/200/300mg, tablets, 60 Tabs","Lamivudine/Nevirapine/Zidovudine 150/200/300mg, tablets, 60 Tabs",150/300/200mg,60,123700,18882,8.58,0.14,1312.89
"Zidovudine 10mg/ml, oral solution w/syringe, Bottle, 240 ml","Zidovudine 10mg/ml, oral solution w/syringe, Bottle, 240 ml",10mg/ml,240,2000,See DN-3371 (ID#:83174),2.1,0.01,5.2
"Lamivudine/Nevirapine/Zidovudine 30/50/60mg, dispersible tablets, 60 Tabs","Lamivudine/Nevirapine/Zidovudine 30/50/60mg, dispersible tablets, 60 Tabs",30/50/60mg,60,20000,117,3.89,0.06,96.24
"Efavirenz/Lamivudine/Tenofovir Disoproxil Fumarate 600/300/300mg, tablets, 30 Tabs","Efavirenz/Lamivudine/Tenofovir Disoproxil Fumarate 600/300/300mg, tablets, 30 Tabs",600/300/300mg,30,6120,820,11.15,0.37,84.41
"Abacavir 300mg, tablets, 60 Tabs","Abacavir 300mg, tablets, 60 Tabs",300mg,60,990,597,11.46,0.19,14.03
"Nevirapine 200mg, tablets, 60 Tabs","Nevirapine 200mg, tablets, 60 Tabs",200mg,60,72518,See DN-3401 (ID#:83180),2.26,0.04,202.73
"Lamivudine/Nevirapine/Zidovudine 30/50/60mg, dispersible tablets, 60 Tabs","Lamivudine/Nevirapine/Zidovudine 30/50/60mg, dispersible tablets, 60 Tabs",30/50/60mg,60,50000,2791,3.89,0.06,240.6
"Lamivudine 150mg, tablets, 60 Tabs","Lamivudine 150mg, tablets, 60 Tabs",150mg,60,4800,216,2.23,0.04,13.24
"Lamivudine 10mg/ml, oral solution w/syringe, Bottle, 240 ml","Lamivudine 10mg/ml, oral solution w/syringe, Bottle, 240 ml",10mg/ml,240,81,32,1.45,0.01,0.15
"Zidovudine 300mg, tablets, 60 Tabs","Zidovudine 300mg, tablets, 60 Tabs",300mg,60,33650,6904,5.58,0.09,232.27
"Didanosine 200mg, [DON] delayed-release capsules, 30 Caps","Didanosine 200mg, [DON] delayed-release capsules, 30 Caps",200mg,30,1200,80,0,0,0
"Efavirenz/Lamivudine/Tenofovir Disoproxil Fumarate 600/300/300mg, tablets, 30 Tabs","Efavirenz/Lamivudine/Tenofovir Disoproxil Fumarate 600/300/300mg, tablets, 30 Tabs",600/300/300mg,30,5531,See DN-3454 (ID#:83194),11.15,0.37,76.29
"Lamivudine/Nevirapine/Zidovudine 30/50/60mg, dispersible tablets, 60 Tabs","Lamivudine/Nevirapine/Zidovudine 30/50/60mg, dispersible tablets, 60 Tabs",30/50/60mg,60,88500,See DN-3457 (ID#:82626),3.89,0.06,425.86
"Lamivudine/Tenofovir Disoproxil Fumarate 300/300mg, tablets, 30 Tabs","Lamivudine/Tenofovir Disoproxil Fumarate 300/300mg, tablets, 30 Tabs",300/300mg,30,9744,989,4.7,0.16,56.65
"Nevirapine 200mg, tablets, 60 Tabs","Nevirapine 200mg, tablets, 60 Tabs",200mg,60,687,See DN-3381 (ID#:84319),2.26,0.04,1.92
"Lamivudine/Zidovudine 150/300mg, tablets, 60 Tabs","Lamivudine/Zidovudine 150/300mg, tablets, 60 Tabs",150/300mg,60,34552,See DN-3483 (ID#:82633),6.73,0.11,287.65
"Efavirenz 200mg, scored tablets, 90 Tabs","Efavirenz 200mg, scored tablets, 90 Tabs",200mg,90,66,See DN-3493 (ID#:84322),9.3,0.1,0.63
"Efavirenz/Lamivudine/Tenofovir Disoproxil Fumarate 600/300/300mg, tablets, 30 Tabs","Efavirenz/Lamivudine/Tenofovir Disoproxil Fumarate 600/300/300mg, tablets, 30 Tabs",600/300/300mg,30,249986,See DN-3494 (ID#:84883),11.15,0.37,3447.94
"Efavirenz/Lamivudine/Tenofovir Disoproxil Fumarate 600/300/300mg, tablets, 30 Tabs","Efavirenz/Lamivudine/Tenofovir Disoproxil Fumarate 600/300/300mg, tablets, 30 Tabs",600/300/300mg,30,50510,6766,10.87,0.36,679.17
"Efavirenz/Lamivudine/Tenofovir Disoproxil Fumarate 600/300/300mg, tablets, 30 Tabs","Efavirenz/Lamivudine/Tenofovir Disoproxil Fumarate 600/300/300mg, tablets, 30 Tabs",600/300/300mg,30,103129,See DN-3526 (ID#:82649),10.87,0.36,1386.69
"Nevirapine 200mg, tablets, 60 Tabs","Nevirapine 200mg, tablets, 60 Tabs",200mg,60,23819,1447,2.26,0.04,55.34
"Lamivudine/Tenofovir Disoproxil Fumarate 300/300mg, tablets, 30 Tabs","Lamivudine/Tenofovir Disoproxil Fumarate 300/300mg, tablets, 30 Tabs",300/300mg,30,1638,See DN-3558 (ID#:83766),4.7,0.16,7.91
"Efavirenz 600mg, tablets, 30 Tabs","Efavirenz 600mg, tablets, 30 Tabs",600mg,30,72300,4392,3.33,0.11,337.54
"Lamivudine/Nevirapine/Zidovudine 30/50/60mg, dispersible tablets, 60 Tabs","Lamivudine/Nevirapine/Zidovudine 30/50/60mg, dispersible tablets, 60 Tabs",30/50/60mg,60,290000,16192,3.75,0.06,1345.24
"Efavirenz 600mg, tablets, 30 Tabs","Efavirenz 600mg, tablets, 30 Tabs",600mg,30,24996,See DN-3576 (ID#:83216),3.33,0.11,85.57
"Efavirenz/Lamivudine/Tenofovir Disoproxil Fumarate 600/300/300mg, tablets, 30 Tabs","Efavirenz/Lamivudine/Tenofovir Disoproxil Fumarate 600/300/300mg, tablets, 30 Tabs",600/300/300mg,30,47158,See DN-3576 (ID#:83216),10.87,0.36,526.96
"Lamivudine/Tenofovir Disoproxil Fumarate 300/300mg, tablets, 30 Tabs","Lamivudine/Tenofovir Disoproxil Fumarate 300/300mg, tablets, 30 Tabs",300/300mg,30,36406,See DN-3579 (ID#:83217),4.7,0.16,211.66
"Lamivudine/Nevirapine/Zidovudine 150/200/300mg, tablets, 60 Tabs","Lamivudine/Nevirapine/Zidovudine 150/200/300mg, tablets, 60 Tabs",150/300/200mg,60,95,See DN-3580 (ID#:83772),8.26,0.14,0.81
"Lamivudine/Tenofovir Disoproxil Fumarate 300/300mg, tablets, 30 Tabs","Lamivudine/Tenofovir Disoproxil Fumarate 300/300mg, tablets, 30 Tabs",300/300mg,30,34224,See DN-3590 (ID#:84350),4.7,0.16,165.36
"Lamivudine/Tenofovir Disoproxil Fumarate 300/300mg, tablets, 30 Tabs","Lamivudine/Tenofovir Disoproxil Fumarate 300/300mg, tablets, 30 Tabs",300/300mg,30,6377,833,4.7,0.16,37.08
"Lamivudine 150mg, tablets, 60 Tabs","Lamivudine 150mg, tablets, 60 Tabs",150mg,60,1481,141,2.15,0.04,3.94
"Lamivudine/Tenofovir Disoproxil Fumarate 300/300mg, tablets, 30 Tabs","Lamivudine/Tenofovir Disoproxil Fumarate 300/300mg, tablets, 30 Tabs",300/300mg,30,3456,358,4.7,0.16,16.7
"Lopinavir/Ritonavir 200/50mg, tablets, 120 Tabs","Lopinavir/Ritonavir 200/50mg, tablets, 120 Tabs",200/50mg,120,3599,See DN-3625 (ID#:83233),20.48,0.17,75.77
"Lamivudine 10mg/ml, oral solution w/syringe, Bottle, 240 ml","Lamivudine 10mg/ml, oral solution w/syringe, Bottle, 240 ml",10mg/ml,240,144,See DN-3626 (ID#:83781),1.43,0.01,0.21
"Efavirenz/Emtricitabine/Tenofovir Disoproxil Fumarate 600/200/300mg, tablets, 30 Tabs","Efavirenz/Emtricitabine/Tenofovir Disoproxil Fumarate 600/200/300mg, tablets, 30 Tabs",600/200/300mg,30,76134,9400,11.89,0.4,930.58
"Lopinavir/Ritonavir 200/50mg, tablets, 120 Tabs","Lopinavir/Ritonavir 200/50mg, tablets, 120 Tabs",200/50mg,120,964,6705,20.04,0.17,23.9
"Abacavir 300mg, tablets, 60 Tabs","Abacavir 300mg, tablets, 60 Tabs",300mg,60,10620,See DN-3632 (ID#:82665),11.23,0.19,122.6
"Efavirenz/Lamivudine/Tenofovir Disoproxil Fumarate 600/300/300mg, tablets, 30 Tabs","Efavirenz/Lamivudine/Tenofovir Disoproxil Fumarate 600/300/300mg, tablets, 30 Tabs",600/300/300mg,30,30000,See DN-3633 (ID#:82666),10.78,0.36,332.46
"Emtricitabine/Tenofovir Disoproxil Fumarate 200/300mg, tablets, 30 Tabs","Emtricitabine/Tenofovir Disoproxil Fumarate 200/300mg, tablets, 30 Tabs",200/300mg,30,1542,9400,5.74,0.19,10.95
"Lamivudine/Tenofovir Disoproxil Fumarate 300/300mg, tablets, 30 Tabs","Lamivudine/Tenofovir Disoproxil Fumarate 300/300mg, tablets, 30 Tabs",300/300mg,30,123856,See DN-3648 (ID#:84360),4.64,0.15,590.78
"Lamivudine/Nevirapine/Zidovudine 150/200/300mg, tablets, 60 Tabs","Lamivudine/Nevirapine/Zidovudine 150/200/300mg, tablets, 60 Tabs",150/300/200mg,60,100000,48109,8.11,0.14,833.71
"Lamivudine/Nevirapine/Zidovudine 150/200/300mg, tablets, 60 Tabs","Lamivudine/Nevirapine/Zidovudine 150/200/300mg, tablets, 60 Tabs",150/300/200mg,60,100000,See DN-3652 (ID#:85463),8.11,0.14,833.71
"Lamivudine/Nevirapine/Zidovudine 150/200/300mg, tablets, 60 Tabs","Lamivudine/Nevirapine/Zidovudine 150/200/300mg, tablets, 60 Tabs",150/300/200mg,60,24765,2666,8.11,0.14,248.44
"Abacavir/Lamivudine 60/30mg, dispersible tablets, 60 Tabs","Abacavir/Lamivudine 60/30mg, dispersible tablets, 60 Tabs",60/30mg,60,11000,See DN-3656 (ID#:84922),5.63,0.09,63.66
"Nevirapine 10mg/ml, oral suspension w/syringe, Bottle, 100 ml","Nevirapine 10mg/ml, oral suspension w/syringe, Bottle, 100 ml",10mg/ml,100,2000,See DN-3657 (ID#:82670),1.3,0.01,2.67
"Lamivudine/Zidovudine 150/300mg, tablets, 60 Tabs","Lamivudine/Zidovudine 150/300mg, tablets, 60 Tabs",150/300mg,60,114630,10166,6.73,0.11,793.06
"Efavirenz/Emtricitabine/Tenofovir Disoproxil Fumarate 600/200/300mg, tablets, 30 Tabs","Efavirenz/Emtricitabine/Tenofovir Disoproxil Fumarate 600/200/300mg, tablets, 30 Tabs",600/200/300mg,30,50000,5446,11.89,0.4,611.15
"Lamivudine 150mg, tablets, 60 Tabs","Lamivudine 150mg, tablets, 60 Tabs",150mg,60,1821,See DN-3685 (ID#:83245),1.74,0.03,3.26
"Efavirenz/Lamivudine/Tenofovir Disoproxil Fumarate 600/300/300mg, tablets, 30 Tabs","Efavirenz/Lamivudine/Tenofovir Disoproxil Fumarate 600/300/300mg, tablets, 30 Tabs",600/300/300mg,30,151208,20501,10.52,0.35,1967.71
"Lopinavir/Ritonavir 200/50mg [Aluvia], tablets, 120 Tabs","Lopinavir/Ritonavir 200/50mg [Aluvia], tablets, 120 Tabs",200/50mg,120,12800,2844,18.9,0.16,248.69
"Efavirenz 600mg, tablets, 30 Tabs","Efavirenz 600mg, tablets, 30 Tabs",600mg,30,25000,See DN-3706 (ID#:82676),3.33,0.11,116.72
"Lamivudine/Nevirapine/Zidovudine 30/50/60mg, dispersible tablets, 60 Tabs","Lamivudine/Nevirapine/Zidovudine 30/50/60mg, dispersible tablets, 60 Tabs",30/50/60mg,60,85800,5605,3.75,0.06,330.76
"Lamivudine/Nevirapine/Zidovudine 150/200/300mg, tablets, 60 Tabs","Lamivudine/Nevirapine/Zidovudine 150/200/300mg, tablets, 60 Tabs",150/300/200mg,60,24765,2751,8.11,0.14,206.47
"Lamivudine/Nevirapine/Zidovudine 150/200/300mg, tablets, 60 Tabs","Lamivudine/Nevirapine/Zidovudine 150/200/300mg, tablets, 60 Tabs",150/300/200mg,60,212934,27953,8.26,0.14,1808.08
"Lamivudine 150mg, tablets, 60 Tabs","Lamivudine 150mg, tablets, 60 Tabs",150mg,60,574,See DN-3737 (ID#:84934),1.74,0.03,1.03
"Efavirenz/Lamivudine/Tenofovir Disoproxil Fumarate 600/300/300mg, tablets, 30 Tabs","Efavirenz/Lamivudine/Tenofovir Disoproxil Fumarate 600/300/300mg, tablets, 30 Tabs",600/300/300mg,30,165917,45740,10.78,0.36,1838.67
"Nevirapine 200mg, tablets, 60 Tabs","Nevirapine 200mg, tablets, 60 Tabs",200mg,60,51747,See DN-3780 (ID#:84944),2.26,0.04,120.22
"Zidovudine 10mg/ml, oral solution w/syringe, Bottle, 240 ml","Zidovudine 10mg/ml, oral solution w/syringe, Bottle, 240 ml",10mg/ml,240,3393,1273,2.1,0.01,7.32
"Zidovudine 10mg/ml, oral solution w/syringe, Bottle, 240 ml","Zidovudine 10mg/ml, oral solution w/syringe, Bottle, 240 ml",10mg/ml,240,7000,2625,2.1,0.01,15.11
"Lamivudine/Zidovudine 150/300mg, tablets, 60 Tabs","Lamivudine/Zidovudine 150/300mg, tablets, 60 Tabs",150/300mg,60,26512,2381,6.52,0.11,177.7
"Efavirenz 600mg, tablets, 30 Tabs","Efavirenz 600mg, tablets, 30 Tabs",600mg,30,1040,See DN-3875 (ID#:83255),3.21,0.11,3.43
"Efavirenz/Lamivudine/Tenofovir Disoproxil Fumarate 600/300/300mg, tablets, 30 Tabs","Efavirenz/Lamivudine/Tenofovir Disoproxil Fumarate 600/300/300mg, tablets, 30 Tabs",600/300/300mg,30,18886,See DN-3875 (ID#:83255),10.78,0.36,209.29
"Abacavir/Lamivudine 600/300mg, tablets, 30 Tabs","Abacavir/Lamivudine 600/300mg, tablets, 30 Tabs",600/300mg,30,19573,1947,13.52,0.45,272.04
"Lamivudine/Zidovudine 150/300mg, tablets, 60 Tabs","Lamivudine/Zidovudine 150/300mg, tablets, 60 Tabs",150/300mg,60,34000,See DN-3792 (ID#:83259),6.52,0.11,227.89
"Lopinavir/Ritonavir 200/50mg, tablets, 120 Tabs","Lopinavir/Ritonavir 200/50mg, tablets, 120 Tabs",200/50mg,120,200,53,20.04,0.17,4.12
"Abacavir/Lamivudine 60/30mg, tablets, 60 Tabs","Abacavir/Lamivudine 60/30mg, tablets, 60 Tabs",60/30mg,60,1419,71,4.5,0.08,6.56
"Abacavir/Lamivudine 60/30mg, tablets, 60 Tabs","Abacavir/Lamivudine 60/30mg, tablets, 60 Tabs",60/30mg,60,2863,See DN-3803 (ID#:83260),4.09,0.07,12.04
"Lamivudine/Tenofovir Disoproxil Fumarate 300/300mg, tablets, 30 Tabs","Lamivudine/Tenofovir Disoproxil Fumarate 300/300mg, tablets, 30 Tabs",300/300mg,30,7354,See DN-3807 (ID#:82698),4.64,0.15,35.08
"Lamivudine/Nevirapine/Zidovudine 30/50/60mg, dispersible tablets, 60 Tabs","Lamivudine/Nevirapine/Zidovudine 30/50/60mg, dispersible tablets, 60 Tabs",30/50/60mg,60,17000,931,3.73,0.06,78.44
"Emtricitabine/Tenofovir Disoproxil Fumarate 200/300mg, tablets, 30 Tabs","Emtricitabine/Tenofovir Disoproxil Fumarate 200/300mg, tablets, 30 Tabs",200/300mg,30,2158,196,5.74,0.19,12.73
"Lamivudine/Nevirapine/Stavudine 150/200/30mg, tablets, 60 Tabs","Lamivudine/Nevirapine/Stavudine 150/200/30mg, tablets, 60 Tabs",150/200/30mg,60,5768,592,4.32,0.07,25.62
"Efavirenz/Lamivudine/Tenofovir Disoproxil Fumarate 600/300/300mg, tablets, 30 Tabs","Efavirenz/Lamivudine/Tenofovir Disoproxil Fumarate 600/300/300mg, tablets, 30 Tabs",600/300/300mg,30,352500,82137,10.78,0.36,3906.35
"Efavirenz/Lamivudine/Tenofovir Disoproxil Fumarate 600/300/300mg, tablets, 30 Tabs","Efavirenz/Lamivudine/Tenofovir Disoproxil Fumarate 600/300/300mg, tablets, 30 Tabs",600/300/300mg,30,106280,See DN-3819 (ID#:85506),10.78,0.36,1177.78
"Lamivudine/Tenofovir Disoproxil Fumarate 300/300mg, tablets, 30 Tabs","Lamivudine/Tenofovir Disoproxil Fumarate 300/300mg, tablets, 30 Tabs",300/300mg,30,75701,See DN-3825 (ID#:82702),4.63,0.15,360.31
"Lamivudine/Nevirapine/Zidovudine 150/200/300mg, tablets, 60 Tabs","Lamivudine/Nevirapine/Zidovudine 150/200/300mg, tablets, 60 Tabs",150/300/200mg,60,150000,See DN-3827 (ID#:82705),8.11,0.14,1250.56
"Zidovudine 300mg, tablets, 60 Tabs","Zidovudine 300mg, tablets, 60 Tabs",300mg,60,8430,546,7.53,0.13,124.42
"Lamivudine/Zidovudine 150/300mg, tablets, 60 Tabs","Lamivudine/Zidovudine 150/300mg, tablets, 60 Tabs",150/300mg,60,9784,884,6.52,0.11,78.91
"Lamivudine/Zidovudine 30/60mg, tablets, 60 Tabs","Lamivudine/Zidovudine 30/60mg, tablets, 60 Tabs",30/60mg,60,900,See DN-3843 (ID#:82707),1.99,0.03,1.84
"Lamivudine/Zidovudine 150/300mg, tablets, 60 Tabs","Lamivudine/Zidovudine 150/300mg, tablets, 60 Tabs",150/300mg,60,15000,15659,6.52,0.11,100.54
"Lamivudine/Nevirapine/Zidovudine 150/200/300mg, tablets, 60 Tabs","Lamivudine/Nevirapine/Zidovudine 150/200/300mg, tablets, 60 Tabs",150/300/200mg,60,33922,16611,8.11,0.14,282.81
"Lamivudine/Nevirapine/Zidovudine 30/50/60mg, dispersible tablets, 60 Tabs","Lamivudine/Nevirapine/Zidovudine 30/50/60mg, dispersible tablets, 60 Tabs",30/50/60mg,60,57859,3090,3.73,0.06,266.96
"Lamivudine/Nevirapine/Zidovudine 150/200/300mg, tablets, 60 Tabs","Lamivudine/Nevirapine/Zidovudine 150/200/300mg, tablets, 60 Tabs",150/300/200mg,60,90000,See DN-3872 (ID#:82726),8.11,0.14,750.34
"Lamivudine/Zidovudine 150/300mg, tablets, 60 Tabs","Lamivudine/Zidovudine 150/300mg, tablets, 60 Tabs",150/300mg,60,15485,See DN-3918 (ID#:83274),6.73,0.11,107.13
"Abacavir 300mg, tablets, 60 Tabs","Abacavir 300mg, tablets, 60 Tabs",300mg,60,2469,230,11.23,0.19,34.3
"Efavirenz 200mg, scored tablets, 90 Tabs","Efavirenz 200mg, scored tablets, 90 Tabs",200mg,90,710,See DN-3927 (ID#:83845),9.33,0.1,6.81
"Efavirenz/Emtricitabine/Tenofovir Disoproxil Fumarate 600/200/300mg, tablets, 30 Tabs","Efavirenz/Emtricitabine/Tenofovir Disoproxil Fumarate 600/200/300mg, tablets, 30 Tabs",600/200/300mg,30,17851,2117,11.89,0.4,218.19
"Abacavir/Lamivudine 600/300mg, tablets, 30 Tabs","Abacavir/Lamivudine 600/300mg, tablets, 30 Tabs",600/300mg,30,3273,389,13.52,0.45,45.49
"Efavirenz/Emtricitabine/Tenofovir Disoproxil Fumarate 600/200/300mg, tablets, 30 Tabs","Efavirenz/Emtricitabine/Tenofovir Disoproxil Fumarate 600/200/300mg, tablets, 30 Tabs",600/200/300mg,30,54147,6425,11.89,0.4,661.83
"Lamivudine/Zidovudine 30/60mg, dispersible tablets, 60 Tabs","Lamivudine/Zidovudine 30/60mg, dispersible tablets, 60 Tabs",30/60mg,60,34374,2346,2.15,0.04,75.97
"Nevirapine 200mg, tablets, 60 Tabs","Nevirapine 200mg, tablets, 60 Tabs",200mg,60,41768,2599,2.21,0.04,94.89
"Efavirenz/Lamivudine/Tenofovir Disoproxil Fumarate 600/300/300mg, tablets, 30 Tabs","Efavirenz/Lamivudine/Tenofovir Disoproxil Fumarate 600/300/300mg, tablets, 30 Tabs",600/300/300mg,30,6,See DN-3974 (ID#:82745),0,0,0
"Abacavir/Lamivudine 600/300mg, tablets, 30 Tabs","Abacavir/Lamivudine 600/300mg, tablets, 30 Tabs",600/300mg,30,5403,490,13.52,0.45,75.09
"Lamivudine/Nevirapine/Zidovudine 150/200/300mg, tablets, 60 Tabs","Lamivudine/Nevirapine/Zidovudine 150/200/300mg, tablets, 60 Tabs",150/300/200mg,60,50700,See DN-4024 (ID#:82756),7.72,0.13,402.36
"Abacavir/Lamivudine 600/300mg, tablets, 30 Tabs","Abacavir/Lamivudine 600/300mg, tablets, 30 Tabs",600/300mg,30,2000,See DN-4039 (ID#:83869),13.49,0.45,27.74
"Lamivudine/Zidovudine 150/300mg, tablets, 60 Tabs","Lamivudine/Zidovudine 150/300mg, tablets, 60 Tabs",150/300mg,60,1846,See DN-4082 (ID#:85008),6.6,0.11,12.52
"Lamivudine/Nevirapine/Zidovudine 150/200/300mg, tablets, 60 Tabs","Lamivudine/Nevirapine/Zidovudine 150/200/300mg, tablets, 60 Tabs",150/300/200mg,60,24000,See DN-4098 (ID#:84443),7.72,0.13,190.47
"Abacavir/Lamivudine 600/300mg, tablets, 30 Tabs","Abacavir/Lamivudine 600/300mg, tablets, 30 Tabs",600/300mg,30,19913,1828,13.49,0.45,276.15
"Efavirenz 200mg, capsule, 90 Caps","Efavirenz 200mg, capsule, 90 Caps",200mg,90,3969,561,4.42,0.05,18.03
"Efavirenz/Lamivudine/Tenofovir Disoproxil Fumarate 600/300/300mg, tablets, 30 Tabs","Efavirenz/Lamivudine/Tenofovir Disoproxil Fumarate 600/300/300mg, tablets, 30 Tabs",600/300/300mg,30,150468,See DN-4112 (ID#:84448),9.76,0.33,1509.69
"Efavirenz/Lamivudine/Tenofovir Disoproxil Fumarate 600/300/300mg, tablets, 30 Tabs","Efavirenz/Lamivudine/Tenofovir Disoproxil Fumarate 600/300/300mg, tablets, 30 Tabs",600/300/300mg,30,74346,See DN-4112 (ID#:84448),9.76,0.33,745.93
"Lamivudine/Nevirapine/Zidovudine 30/50/60mg, dispersible tablets, 60 Tabs","Lamivudine/Nevirapine/Zidovudine 30/50/60mg, dispersible tablets, 60 Tabs",30/50/60mg,60,203160,11353,3.75,0.06,783.18
"Nevirapine 200mg, tablets, 60 Tabs","Nevirapine 200mg, tablets, 60 Tabs",200mg,60,38151,See DN-4117 (ID#:84449),2.18,0.04,85.5
"Lamivudine/Nevirapine/Zidovudine 150/200/300mg, tablets, 60 Tabs","Lamivudine/Nevirapine/Zidovudine 150/200/300mg, tablets, 60 Tabs",150/300/200mg,60,213502,31271,7.72,0.13,1694.39
"Zidovudine 300mg, tablets, 60 Tabs","Zidovudine 300mg, tablets, 60 Tabs",300mg,60,14648,1023,5.5,0.09,82.82
"Nevirapine 200mg, tablets, 60 Tabs","Nevirapine 200mg, tablets, 60 Tabs",200mg,60,1400,4355,2.18,0.04,3.59
"Efavirenz/Lamivudine/Tenofovir Disoproxil Fumarate 600/300/300mg, tablets, 30 Tabs","Efavirenz/Lamivudine/Tenofovir Disoproxil Fumarate 600/300/300mg, tablets, 30 Tabs",600/300/300mg,30,336000,37955,9.6,0.32,3315.92
"Lamivudine/Zidovudine 30/60mg, dispersible tablets, 60 Tabs","Lamivudine/Zidovudine 30/60mg, dispersible tablets, 60 Tabs",30/60mg,60,325,See DN-4144 (ID#:82781),1.99,0.03,0.76
"Lamivudine/Tenofovir Disoproxil Fumarate 300/300mg, tablets, 30 Tabs","Lamivudine/Tenofovir Disoproxil Fumarate 300/300mg, tablets, 30 Tabs",300/300mg,30,13653,See DN-4149 (ID#:82782),4.59,0.15,64.42
"Tenofovir Disoproxil Fumarate 300mg, tablets, 30 Tabs","Tenofovir Disoproxil Fumarate 300mg, tablets, 30 Tabs",300mg,30,1764,110,3.55,0.12,6.44
"Efavirenz/Lamivudine/Tenofovir Disoproxil Fumarate 600/300/300mg, tablets, 30 Tabs","Efavirenz/Lamivudine/Tenofovir Disoproxil Fumarate 600/300/300mg, tablets, 30 Tabs",600/300/300mg,30,128500,See DN-4172 (ID#:82785),9.6,0.32,1268.14
"Lamivudine/Tenofovir Disoproxil Fumarate 300/300mg, tablets, 30 Tabs","Lamivudine/Tenofovir Disoproxil Fumarate 300/300mg, tablets, 30 Tabs",300/300mg,30,240,See DN-4178 (ID#:84460),4.59,0.15,1.3
"Nevirapine 200mg, tablets, 60 Tabs","Nevirapine 200mg, tablets, 60 Tabs",200mg,60,319150,19661,2.21,0.04,725.07
"Lopinavir/Ritonavir 200/50mg [Aluvia], tablets, 120 Tabs","Lopinavir/Ritonavir 200/50mg [Aluvia], tablets, 120 Tabs",200/50mg,120,41943,10322,18.64,0.16,803.71
"Lamivudine/Nevirapine/Zidovudine 150/200/300mg, tablets, 60 Tabs","Lamivudine/Nevirapine/Zidovudine 150/200/300mg, tablets, 60 Tabs",150/300/200mg,60,156995,32219,7.72,0.13,1245.94
"Lamivudine/Nevirapine/Zidovudine 150/200/300mg, tablets, 60 Tabs","Lamivudine/Nevirapine/Zidovudine 150/200/300mg, tablets, 60 Tabs",150/300/200mg,60,91500,See DN-4188 (ID#:85574),7.72,0.13,726.16
"Efavirenz/Lamivudine/Tenofovir Disoproxil Fumarate 600/300/300mg, tablets, 30 Tabs","Efavirenz/Lamivudine/Tenofovir Disoproxil Fumarate 600/300/300mg, tablets, 30 Tabs",600/300/300mg,30,65000,7403,9.99,0.33,764.28
"Efavirenz 200mg, scored tablets, 90 Tabs","Efavirenz 200mg, scored tablets, 90 Tabs",200mg,90,300,266,9.3,0.1,3.28
"Lopinavir/Ritonavir 200/50mg [Aluvia], tablets, 120 Tabs","Lopinavir/Ritonavir 200/50mg [Aluvia], tablets, 120 Tabs",200/50mg,120,30120,6697,18.9,0.16,585.21
"Abacavir 20mg/ml, oral solution, Bottle, 240 ml","Abacavir 20mg/ml, oral solution, Bottle, 240 ml",20mg/ml,240,2966,1067,6.83,0.03,23.84
"Lamivudine/Zidovudine 30/60mg, dispersible tablets, 60 Tabs","Lamivudine/Zidovudine 30/60mg, dispersible tablets, 60 Tabs",30/60mg,60,164,See DN-4210 (ID#:83906),1.92,0.03,0.37
"Lamivudine/Tenofovir Disoproxil Fumarate 300/300mg, tablets, 30 Tabs","Lamivudine/Tenofovir Disoproxil Fumarate 300/300mg, tablets, 30 Tabs",300/300mg,30,240,See DN-4210 (ID#:83906),4.59,0.15,1.3
"Efavirenz/Lamivudine/Tenofovir Disoproxil Fumarate 600/300/300mg, tablets, 30 Tabs","Efavirenz/Lamivudine/Tenofovir Disoproxil Fumarate 600/300/300mg, tablets, 30 Tabs",600/300/300mg,30,101900,Weight Captured Separately,9.6,0.32,1151.39
"Nevirapine 200mg, tablets, 60 Tabs","Nevirapine 200mg, tablets, 60 Tabs",200mg,60,79258,See DN-4218 (ID#:83326),2.18,0.04,203.36
"Efavirenz/Lamivudine/Tenofovir Disoproxil Fumarate 600/300/300mg, tablets, 30 Tabs","Efavirenz/Lamivudine/Tenofovir Disoproxil Fumarate 600/300/300mg, tablets, 30 Tabs",600/300/300mg,30,68072,8799,9.6,0.32,671.79
"Tenofovir Disoproxil Fumarate 300mg, tablets, 30 Tabs","Tenofovir Disoproxil Fumarate 300mg, tablets, 30 Tabs",300mg,30,960,76,3.55,0.12,4.01
"Lamivudine/Nevirapine/Zidovudine 30/50/60mg, dispersible tablets, 60 Tabs","Lamivudine/Nevirapine/Zidovudine 30/50/60mg, dispersible tablets, 60 Tabs",30/50/60mg,60,149944,See DN-4243 (ID#:83907),3.6,0.06,635.34
"Lamivudine/Nevirapine/Zidovudine 150/200/300mg, tablets, 60 Tabs","Lamivudine/Nevirapine/Zidovudine 150/200/300mg, tablets, 60 Tabs",150/300/200mg,60,50000,6201,7.72,0.13,396.81
"Tenofovir Disoproxil Fumarate 300mg, tablets, 30 Tabs","Tenofovir Disoproxil Fumarate 300mg, tablets, 30 Tabs",300mg,30,600,See DN-4247 (ID#:84466),3.55,0.12,2.51
"Efavirenz 600mg, tablets, 30 Tabs","Efavirenz 600mg, tablets, 30 Tabs",600mg,30,45204,See DN-4255 (ID#:83911),3.12,0.1,166
"Lamivudine/Zidovudine 150/300mg, tablets, 60 Tabs","Lamivudine/Zidovudine 150/300mg, tablets, 60 Tabs",150/300mg,60,3360,See DN-1548 (ID#:85076),8.76,0.15,57.69
"Lamivudine/Nevirapine/Zidovudine 150/200/300mg, tablets, 60 Tabs","Lamivudine/Nevirapine/Zidovudine 150/200/300mg, tablets, 60 Tabs",150/300/200mg,60,148037,See DN-4255 (ID#:83911),7.72,0.13,1345.13
"Lamivudine/Nevirapine/Zidovudine 150/200/300mg, tablets, 60 Tabs","Lamivudine/Nevirapine/Zidovudine 150/200/300mg, tablets, 60 Tabs",150/300/200mg,60,234519,51833,7.72,0.13,1861.18
"Efavirenz/Lamivudine/Tenofovir Disoproxil Fumarate 600/300/300mg, tablets, 30 Tabs","Efavirenz/Lamivudine/Tenofovir Disoproxil Fumarate 600/300/300mg, tablets, 30 Tabs",600/300/300mg,30,294399,33500,9.6,0.32,3326.47
"Lamivudine/Nevirapine/Zidovudine 150/200/300mg, tablets, 60 Tabs","Lamivudine/Nevirapine/Zidovudine 150/200/300mg, tablets, 60 Tabs",150/300/200mg,60,88995,See DN-4290 (ID#:83340),7.72,0.13,706.28
"Lamivudine/Nevirapine/Zidovudine 30/50/60mg, dispersible tablets, 60 Tabs","Lamivudine/Nevirapine/Zidovudine 30/50/60mg, dispersible tablets, 60 Tabs",30/50/60mg,60,4471,See DN-4296 (ID#:83342),3.6,0.06,18.94
"Lamivudine/Nevirapine/Zidovudine 150/200/300mg, tablets, 60 Tabs","Lamivudine/Nevirapine/Zidovudine 150/200/300mg, tablets, 60 Tabs",150/300/200mg,60,8998,See DN-4327 (ID#:83349),8.11,0.14,85.89
"Abacavir/Lamivudine 60/30mg, dispersible tablets, 60 Tabs","Abacavir/Lamivudine 60/30mg, dispersible tablets, 60 Tabs",60/30mg,60,28622,Weight Captured Separately,5.09,0.08,171.47
"Nevirapine 200mg, tablets, 60 Tabs","Nevirapine 200mg, tablets, 60 Tabs",200mg,60,253,See DN-1311 (ID#:82837),2.9,0.05,1.44
"Saquinavir 200mg [Invirase], capsules, 270 Caps","Saquinavir 200mg [Invirase], capsules, 270 Caps",200mg,270,168,85,80.6,0.3,26.54
"Lamivudine/Tenofovir Disoproxil Fumarate 300/300mg, tablets, 30 Tabs","Lamivudine/Tenofovir Disoproxil Fumarate 300/300mg, tablets, 30 Tabs",300/300mg,30,280,See DN-1417 (ID#:82271),10,0.33,5.49
"Efavirenz 600mg, tablets, 30 Tabs","Efavirenz 600mg, tablets, 30 Tabs",600mg,30,200,18,6.85,0.23,2.69
"Emtricitabine/Tenofovir Disoproxil Fumarate 200/300mg, tablets, 30 Tabs","Emtricitabine/Tenofovir Disoproxil Fumarate 200/300mg, tablets, 30 Tabs",200/300mg,30,600,See DN-1456 (ID#:83952),11.75,0.39,13.82
"Lamivudine 150mg, tablets, 60 Tabs","Lamivudine 150mg, tablets, 60 Tabs",150mg,60,2305,126,2.44,0.04,11.02
"Lamivudine 10mg/ml, oral solution, Bottle, 240 ml","Lamivudine 10mg/ml, oral solution, Bottle, 240 ml",10mg/ml,240,819,284,1.9,0.01,3.05
"Lamivudine/Zidovudine 150/300mg, tablets, 60 Tabs","Lamivudine/Zidovudine 150/300mg, tablets, 60 Tabs",150/300mg,60,16577,See DN-1522 (ID#:82845),8.76,0.15,284.62
"Stavudine 1mg/ml, powder for oral solution, 200 ml","Stavudine 1mg/ml, powder for oral solution, 200 ml",1mg/ml,200,100,See DN-1530 (ID#:83964),1.4,0.01,0.3
"Efavirenz 200mg, capsule, 90 Caps","Efavirenz 200mg, capsule, 90 Caps",200mg,90,735,See DN-1530 (ID#:83964),12.12,0.13,19.21
"Zidovudine 100mg, capsules, 100 Caps","Zidovudine 100mg, capsules, 100 Caps",100mg,100,588,See DN-1531 (ID#:83965),5,0.05,6.34
"Nevirapine 200mg, tablets, 60 Tabs","Nevirapine 200mg, tablets, 60 Tabs",200mg,60,2000,See DN-1548 (ID#:85076),2.9,0.05,11.37
"Efavirenz 600mg, tablets, 30 Tabs","Efavirenz 600mg, tablets, 30 Tabs",600mg,30,4000,See DN-1554 (ID#:84514),5.78,0.19,45.32
"Efavirenz 600mg, tablets, 30 Tabs","Efavirenz 600mg, tablets, 30 Tabs",600mg,30,6714,574,5.78,0.19,76.06
"Lamivudine/Nevirapine/Stavudine 150/200/30mg, tablets, 60 Tabs","Lamivudine/Nevirapine/Stavudine 150/200/30mg, tablets, 60 Tabs",150/200/30mg,60,9024,976,6.66,0.11,117.8
"Lamivudine/Nevirapine/Zidovudine 150/200/300mg, tablets, 60 Tabs","Lamivudine/Nevirapine/Zidovudine 150/200/300mg, tablets, 60 Tabs",150/300/200mg,60,5500,708,11.22,0.19,120.95
"Lamivudine/Nevirapine/Stavudine 150/200/30mg, tablets, 60 Tabs","Lamivudine/Nevirapine/Stavudine 150/200/30mg, tablets, 60 Tabs",150/200/30mg,60,9024,680,6.66,0.11,117.8
"Zidovudine 300mg, tablets, 60 Tabs","Zidovudine 300mg, tablets, 60 Tabs",300mg,60,6552,See DN-1580 (ID#:82281),7.71,0.13,99.01
"Lamivudine 10mg/ml, oral solution, Bottle, 240 ml","Lamivudine 10mg/ml, oral solution, Bottle, 240 ml",10mg/ml,240,4077,1404,1.9,0.01,16.7
"Stavudine 1mg/ml, powder for oral solution, 200 ml","Stavudine 1mg/ml, powder for oral solution, 200 ml",1mg/ml,200,250,See DN-1590 (ID#:83388),1.4,0.01,0.75
"Lamivudine 150mg, tablets, 60 Tabs","Lamivudine 150mg, tablets, 60 Tabs",150mg,60,6985,336,2.44,0.04,33.41
"Lamivudine/Nevirapine/Zidovudine 150/200/300mg, tablets, 60 Tabs","Lamivudine/Nevirapine/Zidovudine 150/200/300mg, tablets, 60 Tabs",150/300/200mg,60,31000,3941,11.35,0.19,689.63
"Lamivudine/Nevirapine/Zidovudine 150/200/300mg, tablets, 60 Tabs","Lamivudine/Nevirapine/Zidovudine 150/200/300mg, tablets, 60 Tabs",150/300/200mg,60,69685,See DN-1628 (ID#:82291),11.22,0.19,1532.46
"Nevirapine 200mg, tablets, 60 Tabs","Nevirapine 200mg, tablets, 60 Tabs",200mg,60,5184,507,2.9,0.05,29.47
"Abacavir/Lamivudine 600/300mg, scored tablets, 30 Tabs","Abacavir/Lamivudine 600/300mg, scored tablets, 30 Tabs",600/300mg,30,1276,117,23,0.77,57.52
"Lamivudine/Nevirapine/Stavudine 150/200/30mg, tablets, 60 Tabs","Lamivudine/Nevirapine/Stavudine 150/200/30mg, tablets, 60 Tabs",150/200/30mg,60,49760,See DN-1643 (ID#:82293),6.47,0.11,631.02
"Efavirenz 600mg, tablets, 30 Tabs","Efavirenz 600mg, tablets, 30 Tabs",600mg,30,7500,662,4.75,0.16,76.81
"Lamivudine/Zidovudine 150/300mg, tablets, 60 Tabs","Lamivudine/Zidovudine 150/300mg, tablets, 60 Tabs",150/300mg,60,3000,See DN-1654 (ID#:82295),8.76,0.15,56.66
"Zidovudine 10mg/ml, oral solution, Bottle, 240 ml","Zidovudine 10mg/ml, oral solution, Bottle, 240 ml",10mg/ml,240,7107,2633,2.1,0.01,29.25
"Efavirenz 600mg, tablets, 30 Tabs","Efavirenz 600mg, tablets, 30 Tabs",600mg,30,4000,See DN-1657 (ID#:83980),5.13,0.17,40.22
"Zidovudine 300mg, tablets, 60 Tabs","Zidovudine 300mg, tablets, 60 Tabs",300mg,60,1680,See DN-1668 (ID#:83403),7.53,0.13,27.27
"Indinavir 400mg [Crixivan], capsules, 180 Caps","Indinavir 400mg [Crixivan], capsules, 180 Caps",400mg,180,450,101,50,0.28,48.51
"Lamivudine 10mg/ml, oral solution, Bottle, 240 ml","Lamivudine 10mg/ml, oral solution, Bottle, 240 ml",10mg/ml,240,4340,See DN-1671 (ID#:82863),1.9,0.01,16.16
"Efavirenz 50mg, capsule, 30 Caps","Efavirenz 50mg, capsule, 30 Caps",50mg,30,68,See DN-1673 (ID#:83983),2.24,0.07,0.33
"Emtricitabine/Tenofovir Disoproxil Fumarate 200/300mg, tablets, 30 Tabs","Emtricitabine/Tenofovir Disoproxil Fumarate 200/300mg, tablets, 30 Tabs",200/300mg,30,5000,404,11.75,0.39,126.66
"Nevirapine 200mg, tablets, 60 Tabs","Nevirapine 200mg, tablets, 60 Tabs",200mg,60,820,79,2.73,0.05,4.83
"Efavirenz 600mg, tablets, 30 Tabs","Efavirenz 600mg, tablets, 30 Tabs",600mg,30,4882,420,5.13,0.17,54
"Efavirenz 600mg, tablets, 30 Tabs","Efavirenz 600mg, tablets, 30 Tabs",600mg,30,751,65,5.13,0.17,8.31
"Lamivudine/Nevirapine/Zidovudine 150/200/300mg, tablets, 60 Tabs","Lamivudine/Nevirapine/Zidovudine 150/200/300mg, tablets, 60 Tabs",150/300/200mg,60,24615,2888,11.22,0.19,595.44
"Lamivudine/Nevirapine/Zidovudine 150/200/300mg, tablets, 60 Tabs","Lamivudine/Nevirapine/Zidovudine 150/200/300mg, tablets, 60 Tabs",150/300/200mg,60,140000,16424,11.22,0.19,3386.64
"Emtricitabine/Tenofovir Disoproxil Fumarate 200/300mg, tablets, 30 Tabs","Emtricitabine/Tenofovir Disoproxil Fumarate 200/300mg, tablets, 30 Tabs",200/300mg,30,31000,2501,11.75,0.39,785.32
"Nevirapine 200mg, tablets, 60 Tabs","Nevirapine 200mg, tablets, 60 Tabs",200mg,60,19701,1150,2.73,0.05,115.96
"Emtricitabine/Tenofovir Disoproxil Fumarate 200/300mg, tablets, 30 Tabs","Emtricitabine/Tenofovir Disoproxil Fumarate 200/300mg, tablets, 30 Tabs",200/300mg,30,1300,105,11.75,0.39,32.93
"Lamivudine/Zidovudine 150/300mg, tablets, 60 Tabs","Lamivudine/Zidovudine 150/300mg, tablets, 60 Tabs",150/300mg,60,20579,1773,8.76,0.15,388.67
"Efavirenz 600mg, tablets, 30 Tabs","Efavirenz 600mg, tablets, 30 Tabs",600mg,30,5900,See DN-1829 (ID#:82320),4.75,0.16,60.42
"Efavirenz 600mg, tablets, 30 Tabs","Efavirenz 600mg, tablets, 30 Tabs",600mg,30,6576,See DN-1833 (ID#:84565),4.75,0.16,67.34
"Abacavir 20mg/ml, oral solution, Bottle, 240 ml","Abacavir 20mg/ml, oral solution, Bottle, 240 ml",20mg/ml,240,256,See DN-1842 (ID#:84007),13.6,0.06,7.51
"Efavirenz 200mg, capsule, 90 Caps","Efavirenz 200mg, capsule, 90 Caps",200mg,90,168,See DN-1842 (ID#:84007),9.71,0.11,3.52
"Abacavir 300mg, tablets, 60 Tabs","Abacavir 300mg, tablets, 60 Tabs",300mg,60,3564,See DN-2153 (ID#:82374),15.5,0.26,91.15
"Emtricitabine/Tenofovir Disoproxil Fumarate 200/300mg, tablets, 30 Tabs","Emtricitabine/Tenofovir Disoproxil Fumarate 200/300mg, tablets, 30 Tabs",200/300mg,30,6000,493,11.75,0.39,152
"Lamivudine/Nevirapine/Zidovudine 150/200/300mg, tablets, 60 Tabs","Lamivudine/Nevirapine/Zidovudine 150/200/300mg, tablets, 60 Tabs",150/300/200mg,60,34826,4099,11.22,0.19,842.45
"Abacavir 20mg/ml, oral solution, Bottle, 240 ml","Abacavir 20mg/ml, oral solution, Bottle, 240 ml",20mg/ml,240,448,See DN-1878 (ID#:84572),13.6,0.06,13.14
"Didanosine 200mg, chewable/dispersible tablets, 60 Tabs","Didanosine 200mg, chewable/dispersible tablets, 60 Tabs",200mg,60,2788,588,15.5,0.26,93.17
"Nevirapine 200mg, tablets, 60 Tabs","Nevirapine 200mg, tablets, 60 Tabs",200mg,60,20124,2262,2.73,0.05,118.45
"Nevirapine 200mg, tablets, 60 Tabs","Nevirapine 200mg, tablets, 60 Tabs",200mg,60,1000,69,2.73,0.05,5.89
"Efavirenz 600mg, tablets, 30 Tabs","Efavirenz 600mg, tablets, 30 Tabs",600mg,30,44295,3045,4.6,0.15,439.3
"Lamivudine/Tenofovir Disoproxil Fumarate 300/300mg, tablets, 30 Tabs","Lamivudine/Tenofovir Disoproxil Fumarate 300/300mg, tablets, 30 Tabs",300/300mg,30,75159,6773,10,0.33,1620.43
"Stavudine 30mg, capsules, 60 Caps","Stavudine 30mg, capsules, 60 Caps",30mg,60,2250,763,1.46,0.02,7.08
"Lamivudine 150mg, tablets, 60 Tabs","Lamivudine 150mg, tablets, 60 Tabs",150mg,60,6000,285,2.44,0.04,31.56
"Efavirenz 200mg, capsule, 90 Caps","Efavirenz 200mg, capsule, 90 Caps",200mg,90,500,60,9.71,0.11,10.47
"Lamivudine/Zidovudine 150/300mg, tablets, 60 Tabs","Lamivudine/Zidovudine 150/300mg, tablets, 60 Tabs",150/300mg,60,40752,3506,8.55,0.14,751.21
"Lamivudine/Zidovudine+Efavirenz 150/300mg+600mg, tablets, co-blister 60+30 Tabs","Lamivudine/Zidovudine+Efavirenz 150/300mg+600mg, tablets, co-blister 60+30 Tabs",150/300mg+600mg,90,213,Weight Captured Separately,21,0.23,9.64
"Emtricitabine/Tenofovir Disoproxil Fumarate 200/300mg, tablets, 30 Tabs","Emtricitabine/Tenofovir Disoproxil Fumarate 200/300mg, tablets, 30 Tabs",200/300mg,30,55797,4665,11.75,0.39,1413.51
"Efavirenz/Emtricitabine/Tenofovir Disoproxil Fumarate 600/200/300mg, tablets, 30 Tabs","Efavirenz/Emtricitabine/Tenofovir Disoproxil Fumarate 600/200/300mg, tablets, 30 Tabs",600/200/300mg,30,35000,3869,19.92,0.66,1503.16
"Efavirenz/Emtricitabine/Tenofovir Disoproxil Fumarate 600/200/300mg, tablets, 30 Tabs","Efavirenz/Emtricitabine/Tenofovir Disoproxil Fumarate 600/200/300mg, tablets, 30 Tabs",600/200/300mg,30,1000,91,19.92,0.66,42.95
"Lamivudine/Zidovudine 150/300mg, tablets, 60 Tabs","Lamivudine/Zidovudine 150/300mg, tablets, 60 Tabs",150/300mg,60,33000,2654,8.76,0.15,623.26
"Lamivudine/Zidovudine 150/300mg, tablets, 60 Tabs","Lamivudine/Zidovudine 150/300mg, tablets, 60 Tabs",150/300mg,60,2000,161,8.76,0.15,37.77
"Lamivudine/Zidovudine 150/300mg, tablets, 60 Tabs","Lamivudine/Zidovudine 150/300mg, tablets, 60 Tabs",150/300mg,60,3000,See DN-1949 (ID#:83444),8.76,0.15,56.66
"Lamivudine/Nevirapine/Zidovudine 150/200/300mg, tablets, 60 Tabs","Lamivudine/Nevirapine/Zidovudine 150/200/300mg, tablets, 60 Tabs",150/300/200mg,60,55070,7253,11.22,0.19,1332.16
"Lamivudine 10mg/ml, oral solution, Bottle, 240 ml","Lamivudine 10mg/ml, oral solution, Bottle, 240 ml",10mg/ml,240,3584,See DN-1964 (ID#:82908),1.93,0.01,14.91
"Lamivudine/Nevirapine/Zidovudine 150/200/300mg, tablets, 60 Tabs","Lamivudine/Nevirapine/Zidovudine 150/200/300mg, tablets, 60 Tabs",150/300/200mg,60,10000,1250,11.22,0.19,241.9
"Lamivudine/Nevirapine/Zidovudine 150/200/300mg, tablets, 60 Tabs","Lamivudine/Nevirapine/Zidovudine 150/200/300mg, tablets, 60 Tabs",150/300/200mg,60,80000,10519,11.22,0.19,1935.23
"Lamivudine/Nevirapine/Zidovudine 150/200/300mg, tablets, 60 Tabs","Lamivudine/Nevirapine/Zidovudine 150/200/300mg, tablets, 60 Tabs",150/300/200mg,60,15000,1972,11.22,0.19,362.85
"Abacavir 300mg, tablets, 60 Tabs","Abacavir 300mg, tablets, 60 Tabs",300mg,60,2300,336,16.44,0.27,81.52
"Abacavir/Lamivudine 600/300mg, scored tablets, 30 Tabs","Abacavir/Lamivudine 600/300mg, scored tablets, 30 Tabs",600/300mg,30,1500,See DN-1982 (ID#:82910),22.5,0.75,72.76
"Lamivudine/Zidovudine 150/300mg, tablets, 60 Tabs","Lamivudine/Zidovudine 150/300mg, tablets, 60 Tabs",150/300mg,60,2999,See DN-1998 (ID#:84589),8.55,0.14,55.28
"Lamivudine/Zidovudine 150/300mg, tablets, 60 Tabs","Lamivudine/Zidovudine 150/300mg, tablets, 60 Tabs",150/300mg,60,112227,See DN-2003 (ID#:85146),8.55,0.14,2068.77
"Lamivudine 150mg, tablets, 60 Tabs","Lamivudine 150mg, tablets, 60 Tabs",150mg,60,1800,74,2.33,0.04,9.04
"Abacavir 20mg/ml, oral solution, Bottle, 240 ml","Abacavir 20mg/ml, oral solution, Bottle, 240 ml",20mg/ml,240,116,See DN-2011 (ID#:82350),13.6,0.06,3.4
"Lamivudine/Stavudine 150/30mg, tablets, 60 Tabs","Lamivudine/Stavudine 150/30mg, tablets, 60 Tabs",150/30mg,60,2376,189,3.28,0.05,16.8
"Lamivudine/Nevirapine/Zidovudine 150/200/300mg, tablets, 60 Tabs","Lamivudine/Nevirapine/Zidovudine 150/200/300mg, tablets, 60 Tabs",150/300/200mg,60,48551,15664,11.22,0.19,1174.46
"Efavirenz 600mg, tablets, 30 Tabs","Efavirenz 600mg, tablets, 30 Tabs",600mg,30,5900,See DN-2019 (ID#:82919),4.34,0.14,55.21
"Stavudine 30mg, capsules, 60 Caps","Stavudine 30mg, capsules, 60 Caps",30mg,60,14448,See DN-2021 (ID#:82353),1.41,0.02,43.92
"Efavirenz/Emtricitabine/Tenofovir Disoproxil Fumarate 600/200/300mg, tablets, 30 Tabs","Efavirenz/Emtricitabine/Tenofovir Disoproxil Fumarate 600/200/300mg, tablets, 30 Tabs",600/200/300mg,30,33162,See DN-2025 (ID#:83460),19.92,0.66,1424.23
"Lamivudine/Nevirapine/Zidovudine 150/200/300mg, tablets, 60 Tabs","Lamivudine/Nevirapine/Zidovudine 150/200/300mg, tablets, 60 Tabs",150/300/200mg,60,30000,4050,11.22,0.19,725.71
"Lamivudine/Nevirapine/Stavudine 150/200/30mg, tablets, 60 Tabs","Lamivudine/Nevirapine/Stavudine 150/200/30mg, tablets, 60 Tabs",150/200/30mg,60,69247,See DN-2032 (ID#:82921),5.43,0.09,810.68
"Nevirapine 200mg, tablets, 60 Tabs","Nevirapine 200mg, tablets, 60 Tabs",200mg,60,110000,12543,2.58,0.04,611.87
"Abacavir 20mg/ml, oral solution, Bottle, 240 ml","Abacavir 20mg/ml, oral solution, Bottle, 240 ml",20mg/ml,240,412,See DN-2035 (ID#:82356),13.6,0.06,12.08
"Abacavir 300mg, tablets, 60 Tabs","Abacavir 300mg, tablets, 60 Tabs",300mg,60,5070,See DN-2033 (ID#:82922),15.89,0.26,173.69
"Efavirenz 50mg, capsule, 30 Caps","Efavirenz 50mg, capsule, 30 Caps",50mg,30,1764,See DN-2033 (ID#:82922),2.24,0.07,8.52
"Efavirenz 600mg, tablets, 30 Tabs","Efavirenz 600mg, tablets, 30 Tabs",600mg,30,69384,See DN-2033 (ID#:82922),4.52,0.15,676.16
"Lamivudine/Stavudine 150/30mg, tablets, 60 Tabs","Lamivudine/Stavudine 150/30mg, tablets, 60 Tabs",150/30mg,60,5900,See DN-2041 (ID#:83461),3.2,0.05,40.71
"Nevirapine 200mg, tablets, 60 Tabs","Nevirapine 200mg, tablets, 60 Tabs",200mg,60,350,40,2.58,0.04,1.95
"Lamivudine/Nevirapine/Zidovudine 150/200/300mg, tablets, 60 Tabs","Lamivudine/Nevirapine/Zidovudine 150/200/300mg, tablets, 60 Tabs",150/300/200mg,60,115745,15500,11.22,0.19,2799.91
"Zidovudine 300mg, tablets, 60 Tabs","Zidovudine 300mg, tablets, 60 Tabs",300mg,60,500,See DN-2050 (ID#:82926),7.21,0.12,7.77
"Lamivudine/Zidovudine 150/300mg, tablets, 60 Tabs","Lamivudine/Zidovudine 150/300mg, tablets, 60 Tabs",150/300mg,60,75000,See DN-2054 (ID#:83465),8.55,0.14,1382.54
"Stavudine 20mg, capsules, 60 Caps","Stavudine 20mg, capsules, 60 Caps",20mg,60,1013,See DN-2064 (ID#:83469),1.43,0.02,3.12
"Nevirapine 10mg/ml, oral suspension w/syringe, Bottle, 240 ml","Nevirapine 10mg/ml, oral suspension w/syringe, Bottle, 240 ml",10mg/ml,240,4200,See DN-2064 (ID#:83469),1.95,0.01,17.66
"Stavudine 30mg, capsules, 60 Caps","Stavudine 30mg, capsules, 60 Caps",30mg,60,1207,See DN-2065 (ID#:82360),1.4,0.02,2.79
"Tenofovir Disoproxil Fumarate 300mg, tablets, 30 Tabs","Tenofovir Disoproxil Fumarate 300mg, tablets, 30 Tabs",300mg,30,2615,See DN-2065 (ID#:82360),7.03,0.23,30.33
"Nevirapine 200mg, tablets, 60 Tabs","Nevirapine 200mg, tablets, 60 Tabs",200mg,60,10000,See DN-2072 (ID#:83472),2.66,0.04,57.35
"Emtricitabine/Tenofovir Disoproxil Fumarate 200/300mg, tablets, 30 Tabs","Emtricitabine/Tenofovir Disoproxil Fumarate 200/300mg, tablets, 30 Tabs",200/300mg,30,400,See DN-2073 (ID#:82362),11.75,0.39,10.13
"Lamivudine 10mg/ml, oral solution w/syringe, Bottle, 240 ml","Lamivudine 10mg/ml, oral solution w/syringe, Bottle, 240 ml",10mg/ml,240,8000,See DN-2073 (ID#:82362),1.85,0.01,31.91
"Lamivudine 150mg, tablets, 60 Tabs","Lamivudine 150mg, tablets, 60 Tabs",150mg,60,8000,425,2.44,0.04,42.09
"Efavirenz/Emtricitabine/Tenofovir Disoproxil Fumarate 600/200/300mg, tablets, 30 Tabs","Efavirenz/Emtricitabine/Tenofovir Disoproxil Fumarate 600/200/300mg, tablets, 30 Tabs",600/200/300mg,30,43638,See DN-2090 (ID#:82366),19.92,0.66,1874.14
"Lamivudine/Nevirapine/Zidovudine 150/200/300mg, tablets, 60 Tabs","Lamivudine/Nevirapine/Zidovudine 150/200/300mg, tablets, 60 Tabs",150/300/200mg,60,100000,See DN-2090 (ID#:82366),11.22,0.19,2419.03
"Lamivudine/Stavudine 150/30mg, tablets, 60 Tabs","Lamivudine/Stavudine 150/30mg, tablets, 60 Tabs",150/30mg,60,33998,7275,3.28,0.05,240.42
"Lamivudine/Stavudine 150/30mg, tablets, 60 Tabs","Lamivudine/Stavudine 150/30mg, tablets, 60 Tabs",150/30mg,60,63000,See DN-2095 (ID#:85733),3.28,0.05,445.52
"Tenofovir Disoproxil Fumarate 300mg, tablets, 30 Tabs","Tenofovir Disoproxil Fumarate 300mg, tablets, 30 Tabs",300mg,30,3000,2252,6.57,0.22,42.49
"Didanosine 100mg, chewable/dispersible tablets, 60 Tabs","Didanosine 100mg, chewable/dispersible tablets, 60 Tabs",100mg,60,625,See DN-2102 (ID#:85176),7.72,0.13,10.4
"Nevirapine 200mg, tablets, 60 Tabs","Nevirapine 200mg, tablets, 60 Tabs",200mg,60,36576,4145,2.58,0.04,203.45
"Efavirenz/Emtricitabine/Tenofovir Disoproxil Fumarate 600/200/300mg, tablets, 30 Tabs","Efavirenz/Emtricitabine/Tenofovir Disoproxil Fumarate 600/200/300mg, tablets, 30 Tabs",600/200/300mg,30,4800,532,19.92,0.66,157.77
"Lamivudine/Tenofovir Disoproxil Fumarate 300/300mg, tablets, 30 Tabs","Lamivudine/Tenofovir Disoproxil Fumarate 300/300mg, tablets, 30 Tabs",300/300mg,30,1040,See DN-2113 (ID#:82937),8.82,0.29,19.78
"Efavirenz 600mg, tablets, 30 Tabs","Efavirenz 600mg, tablets, 30 Tabs",600mg,30,307216,See DN-2117 (ID#:84061),4.32,0.14,2861.39
"Efavirenz 600mg, tablets, 30 Tabs","Efavirenz 600mg, tablets, 30 Tabs",600mg,30,11729,See DN-2117 (ID#:84061),4.32,0.14,109.24
"Efavirenz 600mg, tablets, 30 Tabs","Efavirenz 600mg, tablets, 30 Tabs",600mg,30,6392,See DN-2127 (ID#:82371),4.34,0.14,59.81
"Lamivudine/Stavudine 150/30mg, tablets, 60 Tabs","Lamivudine/Stavudine 150/30mg, tablets, 60 Tabs",150/30mg,60,4669,See DN-2127 (ID#:82371),3.2,0.05,32.21
"Efavirenz 600mg, tablets, 30 Tabs","Efavirenz 600mg, tablets, 30 Tabs",600mg,30,6392,See DN-2128 (ID#:84624),4.34,0.14,59.81
"Lamivudine/Tenofovir Disoproxil Fumarate 300/300mg, tablets, 30 Tabs","Lamivudine/Tenofovir Disoproxil Fumarate 300/300mg, tablets, 30 Tabs",300/300mg,30,10114,See DN-2128 (ID#:84624),8.82,0.29,192.33
"Lopinavir/Ritonavir 200/50mg [Aluvia], tablets, 120 Tabs","Lopinavir/Ritonavir 200/50mg [Aluvia], tablets, 120 Tabs",200/50mg,120,2680,549,36.16,0.3,159.9
"Zidovudine 300mg, tablets, 60 Tabs","Zidovudine 300mg, tablets, 60 Tabs",300mg,60,10000,1108,7.21,0.12,118.96
"Zidovudine 10mg/ml, oral solution w/syringe, Bottle, 240 ml","Zidovudine 10mg/ml, oral solution w/syringe, Bottle, 240 ml",10mg/ml,240,5000,1841,2.1,0.01,22.64
"Efavirenz/Emtricitabine/Tenofovir Disoproxil Fumarate 600/200/300mg, tablets, 30 Tabs","Efavirenz/Emtricitabine/Tenofovir Disoproxil Fumarate 600/200/300mg, tablets, 30 Tabs",600/200/300mg,30,5220,See DN-2161 (ID#:84639),19.92,0.66,171.57
"Efavirenz/Emtricitabine/Tenofovir Disoproxil Fumarate 600/200/300mg, tablets, 30 Tabs","Efavirenz/Emtricitabine/Tenofovir Disoproxil Fumarate 600/200/300mg, tablets, 30 Tabs",600/200/300mg,30,300,See DN-2158 (ID#:84075),19.92,0.66,9.86
"Nevirapine 200mg, tablets, 60 Tabs","Nevirapine 200mg, tablets, 60 Tabs",200mg,60,129557,14710,2.51,0.04,536.56
"Tenofovir Disoproxil Fumarate 300mg, tablets, 30 Tabs","Tenofovir Disoproxil Fumarate 300mg, tablets, 30 Tabs",300mg,30,156,9,6.57,0.22,1.69
"Lamivudine/Nevirapine/Zidovudine 150/200/300mg, tablets, 60 Tabs","Lamivudine/Nevirapine/Zidovudine 150/200/300mg, tablets, 60 Tabs",150/300/200mg,60,154667,20339,11.22,0.19,2863.35
"Lamivudine/Nevirapine/Zidovudine 30/50/60mg, dispersible tablets, 60 Tabs","Lamivudine/Nevirapine/Zidovudine 30/50/60mg, dispersible tablets, 60 Tabs",30/50/60mg,60,55000,5357,4.25,0.07,503.96
"Lamivudine/Zidovudine 150/300mg, tablets, 60 Tabs","Lamivudine/Zidovudine 150/300mg, tablets, 60 Tabs",150/300mg,60,45000,4171,8.55,0.14,634.84
"Lamivudine/Zidovudine 150/300mg, tablets, 60 Tabs","Lamivudine/Zidovudine 150/300mg, tablets, 60 Tabs",150/300mg,60,137900,12766,8.26,0.14,1879.44
"Nevirapine 200mg, tablets, 60 Tabs","Nevirapine 200mg, tablets, 60 Tabs",200mg,60,84,6,2.51,0.04,0.45
"Efavirenz 600mg, tablets, 30 Tabs","Efavirenz 600mg, tablets, 30 Tabs",600mg,30,170858,See DN-2196 (ID#:84086),4.22,0.14,1554.52
"Lamivudine 150mg, tablets, 60 Tabs","Lamivudine 150mg, tablets, 60 Tabs",150mg,60,2268,109,2.33,0.04,8.72
"Nevirapine 10mg/ml, oral suspension w/syringe, Bottle, 240 ml","Nevirapine 10mg/ml, oral suspension w/syringe, Bottle, 240 ml",10mg/ml,240,20000,7464,1.95,0.01,64.35
"Nevirapine 200mg, tablets, 60 Tabs","Nevirapine 200mg, tablets, 60 Tabs",200mg,60,22623,2809,2.51,0.04,93.69
"Nevirapine 10mg/ml, oral suspension w/syringe, Bottle, 240 ml","Nevirapine 10mg/ml, oral suspension w/syringe, Bottle, 240 ml",10mg/ml,240,3500,1313,1.95,0.01,14.71
"Nevirapine 10mg/ml, oral suspension w/syringe, Bottle, 240 ml","Nevirapine 10mg/ml, oral suspension w/syringe, Bottle, 240 ml",10mg/ml,240,4000,1496,1.95,0.01,16.82
"Abacavir 20mg/ml, oral solution w/syringe, Bottle, 240 ml","Abacavir 20mg/ml, oral solution w/syringe, Bottle, 240 ml",20mg/ml,240,178,See DN-2231 (ID#:82385),13.7,0.06,4.02
"Lamivudine 10mg/ml, oral solution w/syringe, Bottle, 240 ml","Lamivudine 10mg/ml, oral solution w/syringe, Bottle, 240 ml",10mg/ml,240,375,See DN-2231 (ID#:82385),1.85,0.01,1.14
"Lamivudine 150mg, tablets, 60 Tabs","Lamivudine 150mg, tablets, 60 Tabs",150mg,60,21621,See DN-2254 (ID#:83508),2.33,0.04,83.12
"Efavirenz 50mg, capsule, 30 Caps","Efavirenz 50mg, capsule, 30 Caps",50mg,30,2772,See DN-2459 (ID#:82424),2.24,0.07,10.25
"Nevirapine 10mg/ml, oral suspension, Bottle, 240 ml","Nevirapine 10mg/ml, oral suspension, Bottle, 240 ml",10mg/ml,240,24496,See DN-2242 (ID#:84654),1.8,0.01,72.75
"Stavudine 15mg, capsules, 60 Caps","Stavudine 15mg, capsules, 60 Caps",15mg,60,207,12,1.32,0.02,0.45
"Lamivudine/Zidovudine 150/300mg, tablets, 60 Tabs","Lamivudine/Zidovudine 150/300mg, tablets, 60 Tabs",150/300mg,60,15000,1440,8.26,0.14,204.44
"Nevirapine 200mg, tablets, 60 Tabs","Nevirapine 200mg, tablets, 60 Tabs",200mg,60,25509,2216,2.51,0.04,105.65
"Stavudine 30mg, capsules, 60 Caps","Stavudine 30mg, capsules, 60 Caps",30mg,60,7830,See DN-2263 (ID#:82959),1.4,0.02,18.09
"Zidovudine 100mg, capsules, 100 Caps","Zidovudine 100mg, capsules, 100 Caps",100mg,100,1500,See DN-2263 (ID#:82959),4.76,0.05,11.78
"Lamivudine/Zidovudine 150/300mg, tablets, 60 Tabs","Lamivudine/Zidovudine 150/300mg, tablets, 60 Tabs",150/300mg,60,20642,1778,8.55,0.14,291.21
"Zidovudine 300mg, tablets, 60 Tabs","Zidovudine 300mg, tablets, 60 Tabs",300mg,60,26000,1405,7.21,0.12,309.31
"Lamivudine/Nevirapine/Stavudine 150/200/30mg, tablets, 60 Tabs","Lamivudine/Nevirapine/Stavudine 150/200/30mg, tablets, 60 Tabs",150/200/30mg,60,81270,8491,5.56,0.09,745.57
"Nevirapine 10mg/ml, oral suspension w/syringe, Bottle, 240 ml","Nevirapine 10mg/ml, oral suspension w/syringe, Bottle, 240 ml",10mg/ml,240,600,224,1.95,0.01,2.52
"Emtricitabine/Tenofovir Disoproxil Fumarate 200/300mg, tablets, 30 Tabs","Emtricitabine/Tenofovir Disoproxil Fumarate 200/300mg, tablets, 30 Tabs",200/300mg,30,4269,See DN-2304 (ID#:82395),10.54,0.35,74.24
"Efavirenz 600mg, tablets, 30 Tabs","Efavirenz 600mg, tablets, 30 Tabs",600mg,30,6392,539,4.34,0.14,59.81
"Lamivudine 150mg, tablets, 60 Tabs","Lamivudine 150mg, tablets, 60 Tabs",150mg,60,1946,195,2.33,0.04,7.48
"Tenofovir Disoproxil Fumarate 300mg, tablets, 30 Tabs","Tenofovir Disoproxil Fumarate 300mg, tablets, 30 Tabs",300mg,30,4279,259,6.57,0.22,46.39
"Lamivudine/Zidovudine 150/300mg, tablets, 60 Tabs","Lamivudine/Zidovudine 150/300mg, tablets, 60 Tabs",150/300mg,60,32000,3026,8.26,0.14,436.13
"Lamivudine 150mg, tablets, 60 Tabs","Lamivudine 150mg, tablets, 60 Tabs",150mg,60,3357,181,2.33,0.04,12.91
"Nevirapine 200mg, tablets, 60 Tabs","Nevirapine 200mg, tablets, 60 Tabs",200mg,60,20927,See DN-2322 (ID#:82973),2.51,0.04,86.67
"Stavudine 30mg, capsules, 60 Caps","Stavudine 30mg, capsules, 60 Caps",30mg,60,538,43,1.4,0.02,1.24
"Zidovudine 300mg, tablets, 60 Tabs","Zidovudine 300mg, tablets, 60 Tabs",300mg,60,1917,2629,7.21,0.12,22.81
"Zidovudine 300mg, tablets, 60 Tabs","Zidovudine 300mg, tablets, 60 Tabs",300mg,60,44163,See DN-2341 (ID#:85787),7.21,0.12,525.39
"Lamivudine/Tenofovir Disoproxil Fumarate 300/300mg, tablets, 30 Tabs","Lamivudine/Tenofovir Disoproxil Fumarate 300/300mg, tablets, 30 Tabs",300/300mg,30,5000,607,8.23,0.27,67.9
"Efavirenz 600mg, tablets, 30 Tabs","Efavirenz 600mg, tablets, 30 Tabs",600mg,30,49142,See DN-2357 (ID#:84112),4.32,0.14,350.28
"Efavirenz 200mg, capsule, 90 Caps","Efavirenz 200mg, capsule, 90 Caps",200mg,90,106,See DN-2361 (ID#:84673),8.87,0.1,1.55
"Lamivudine/Zidovudine 30/60mg, tablets, 60 Tabs","Lamivudine/Zidovudine 30/60mg, tablets, 60 Tabs",30/60mg,60,4980,See DN-2362 (ID#:83533),3.25,0.05,26.71
"Efavirenz/Emtricitabine/Tenofovir Disoproxil Fumarate 600/200/300mg, tablets, 30 Tabs","Efavirenz/Emtricitabine/Tenofovir Disoproxil Fumarate 600/200/300mg, tablets, 30 Tabs",600/200/300mg,30,6840,778,19.92,0.66,224.82
"Lamivudine 150mg, tablets, 60 Tabs","Lamivudine 150mg, tablets, 60 Tabs",150mg,60,696,33,2.33,0.04,2.68
"Emtricitabine/Tenofovir Disoproxil Fumarate 200/300mg, tablets, 30 Tabs","Emtricitabine/Tenofovir Disoproxil Fumarate 200/300mg, tablets, 30 Tabs",200/300mg,30,17038,1722,8.97,0.3,252.17
"Lamivudine/Zidovudine 150/300mg, tablets, 60 Tabs","Lamivudine/Zidovudine 150/300mg, tablets, 60 Tabs",150/300mg,60,88433,8935,8.26,0.14,1205.25
"Abacavir/Lamivudine 600/300mg, scored tablets, 30 Tabs","Abacavir/Lamivudine 600/300mg, scored tablets, 30 Tabs",600/300mg,30,2790,See DN-2405 (ID#:84118),22.5,0.75,103.58
"Nevirapine 10mg/ml, oral suspension w/syringe, Bottle, 240 ml","Nevirapine 10mg/ml, oral suspension w/syringe, Bottle, 240 ml",10mg/ml,240,2848,1066,1.95,0.01,9.16
"Abacavir 20mg/ml, oral solution, Bottle, 240 ml","Abacavir 20mg/ml, oral solution, Bottle, 240 ml",20mg/ml,240,592,195,13.6,0.06,13.28
"Lamivudine/Stavudine 150/30mg, tablets, 60 Tabs","Lamivudine/Stavudine 150/30mg, tablets, 60 Tabs",150/30mg,60,4593,See DN-2410 (ID#:84678),2.95,0.05,22.36
"Emtricitabine/Tenofovir Disoproxil Fumarate 200/300mg, tablets, 30 Tabs","Emtricitabine/Tenofovir Disoproxil Fumarate 200/300mg, tablets, 30 Tabs",200/300mg,30,14480,See DN-2420 (ID#:82989),8.97,0.3,214.31
"Efavirenz 600mg, tablets, 30 Tabs","Efavirenz 600mg, tablets, 30 Tabs",600mg,30,230000,18968,4.22,0.14,1601.49
"Abacavir 300mg, tablets, 60 Tabs","Abacavir 300mg, tablets, 60 Tabs",300mg,60,2548,257,15.04,0.25,63.23
"Efavirenz 600mg, tablets, 30 Tabs","Efavirenz 600mg, tablets, 30 Tabs",600mg,30,6392,See DN-2441 (ID#:82993),4.12,0.14,43.45
"Zidovudine 300mg, tablets, 60 Tabs","Zidovudine 300mg, tablets, 60 Tabs",300mg,60,18534,1013,7.02,0.12,214.68
"Efavirenz 600mg, tablets, 30 Tabs","Efavirenz 600mg, tablets, 30 Tabs",600mg,30,10944,726,4.22,0.14,76.2
"Nevirapine 10mg/ml, oral suspension w/syringe, Bottle, 240 ml","Nevirapine 10mg/ml, oral suspension w/syringe, Bottle, 240 ml",10mg/ml,240,8000,3088,1.95,0.01,25.74
"Lamivudine/Nevirapine/Zidovudine 150/200/300mg, tablets, 60 Tabs","Lamivudine/Nevirapine/Zidovudine 150/200/300mg, tablets, 60 Tabs",150/300/200mg,60,250000,32538,11.22,0.19,4628.25
"Efavirenz 600mg, tablets, 30 Tabs","Efavirenz 600mg, tablets, 30 Tabs",600mg,30,4,See DN-2492 (ID#:82999),4.12,0.14,0.02
"Lamivudine/Nevirapine/Zidovudine 150/200/300mg, tablets, 60 Tabs","Lamivudine/Nevirapine/Zidovudine 150/200/300mg, tablets, 60 Tabs",150/300/200mg,60,174,See DN-2493 (ID#:82432),11,0.18,2.68
"Lopinavir/Ritonavir 200/50mg, tablets, 120 Tabs","Lopinavir/Ritonavir 200/50mg, tablets, 120 Tabs",200/50mg,120,23,See DN-2493 (ID#:82432),33.74,0.28,1.09
"Lamivudine/Zidovudine 150/300mg, tablets, 60 Tabs","Lamivudine/Zidovudine 150/300mg, tablets, 60 Tabs",150/300mg,60,67,See DN-2494 (ID#:82433),8.26,0.14,0.78
"Lamivudine/Zidovudine 150/300mg, tablets, 60 Tabs","Lamivudine/Zidovudine 150/300mg, tablets, 60 Tabs",150/300mg,60,41,See DN-2497 (ID#:82435),8.26,0.14,0.47
"Lamivudine 10mg/ml, oral solution w/syringe, Bottle, 240 ml","Lamivudine 10mg/ml, oral solution w/syringe, Bottle, 240 ml",10mg/ml,240,140,See DN-2503 (ID#:83007),1.85,0.01,0.36
"Lamivudine/Tenofovir Disoproxil Fumarate 300/300mg, tablets, 30 Tabs","Lamivudine/Tenofovir Disoproxil Fumarate 300/300mg, tablets, 30 Tabs",300/300mg,30,15,See DN-2507 (ID#:82440),6.08,0.2,0.13
"Zidovudine 300mg, tablets, 60 Tabs","Zidovudine 300mg, tablets, 60 Tabs",300mg,60,187,125,7.02,0.12,1.84
"Zidovudine 300mg, tablets, 60 Tabs","Zidovudine 300mg, tablets, 60 Tabs",300mg,60,2197,See DN-2512 (ID#:82443),7.02,0.12,21.62
"Efavirenz 600mg, tablets, 30 Tabs","Efavirenz 600mg, tablets, 30 Tabs",600mg,30,8917,857,3.33,0.11,36.73
"Lamivudine/Tenofovir Disoproxil Fumarate 300/300mg, tablets, 30 Tabs","Lamivudine/Tenofovir Disoproxil Fumarate 300/300mg, tablets, 30 Tabs",300/300mg,30,10114,See DN-2519 (ID#:84141),6.08,0.2,101.46
"Lamivudine 150mg, tablets, 60 Tabs","Lamivudine 150mg, tablets, 60 Tabs",150mg,60,220,12,2.33,0.04,0.72
"Didanosine 200mg, delayed-release capsules, 30 Caps","Didanosine 200mg, delayed-release capsules, 30 Caps",200mg,30,650,61,11,0.37,11.8
"Efavirenz 600mg, tablets, 30 Tabs","Efavirenz 600mg, tablets, 30 Tabs",600mg,30,113614,See DN-2532 (ID#:82448),4.12,0.14,656.26
"Efavirenz 50mg, capsule, 30 Caps","Efavirenz 50mg, capsule, 30 Caps",50mg,30,1680,See DN-2535 (ID#:83011),2.24,0.07,5.28
"Nevirapine 10mg/ml, oral suspension w/syringe, Bottle, 240 ml","Nevirapine 10mg/ml, oral suspension w/syringe, Bottle, 240 ml",10mg/ml,240,32554,Weight Captured Separately,1.95,0.01,104.74
"Efavirenz 600mg, tablets, 30 Tabs","Efavirenz 600mg, tablets, 30 Tabs",600mg,30,12446,See DN-2552 (ID#:85237),4.12,0.14,71.89
"Nevirapine 200mg, tablets, 60 Tabs","Nevirapine 200mg, tablets, 60 Tabs",200mg,60,95000,6528,2.26,0.04,265.58
"Abacavir/Lamivudine 600/300mg, scored tablets, 30 Tabs","Abacavir/Lamivudine 600/300mg, scored tablets, 30 Tabs",600/300mg,30,1260,122,22.5,0.75,46.78
"Efavirenz/Emtricitabine/Tenofovir Disoproxil Fumarate 600/200/300mg, tablets, 30 Tabs","Efavirenz/Emtricitabine/Tenofovir Disoproxil Fumarate 600/200/300mg, tablets, 30 Tabs",600/200/300mg,30,7140,779,16.73,0.56,197.1
"Nevirapine 200mg, tablets, 60 Tabs","Nevirapine 200mg, tablets, 60 Tabs",200mg,60,51355,6436,2.45,0.04,207.6
"Lamivudine/Nevirapine/Zidovudine 150/200/300mg, tablets, 60 Tabs","Lamivudine/Nevirapine/Zidovudine 150/200/300mg, tablets, 60 Tabs",150/300/200mg,60,240976,30789,11.22,0.19,4461.19
"Lamivudine 150mg, tablets, 60 Tabs","Lamivudine 150mg, tablets, 60 Tabs",150mg,60,7736,See DN-2567 (ID#:85241),2.33,0.04,25.27
"Zidovudine 300mg, tablets, 60 Tabs","Zidovudine 300mg, tablets, 60 Tabs",300mg,60,4398,224,7.02,0.12,50.94
"Efavirenz 600mg, tablets, 30 Tabs","Efavirenz 600mg, tablets, 30 Tabs",600mg,30,61060,3718,4.12,0.14,352.7
"Lamivudine/Tenofovir Disoproxil Fumarate 300/300mg, tablets, 30 Tabs","Lamivudine/Tenofovir Disoproxil Fumarate 300/300mg, tablets, 30 Tabs",300/300mg,30,5785,460,6.08,0.2,58.04
"Nevirapine 10mg/ml, oral suspension w/syringe, Bottle, 240 ml","Nevirapine 10mg/ml, oral suspension w/syringe, Bottle, 240 ml",10mg/ml,240,6000,See DN-2581 (ID#:82457),1.95,0.01,16.4
"Lamivudine/Zidovudine 30/60mg, tablets, 60 Tabs","Lamivudine/Zidovudine 30/60mg, tablets, 60 Tabs",30/60mg,60,34054,1309,2.99,0.05,168.01
"Efavirenz 600mg, tablets, 30 Tabs","Efavirenz 600mg, tablets, 30 Tabs",600mg,30,99714,6005,4.12,0.14,575.97
"Efavirenz 200mg, capsule, 90 Caps","Efavirenz 200mg, capsule, 90 Caps",200mg,90,2520,318,8.64,0.1,30.53
"Lamivudine/Nevirapine/Zidovudine 30/50/60mg, dispersible tablets, 60 Tabs","Lamivudine/Nevirapine/Zidovudine 30/50/60mg, dispersible tablets, 60 Tabs",30/50/60mg,60,5603,316,4.25,0.07,39.29
"Nevirapine 10mg/ml, oral suspension w/syringe, Bottle, 240 ml","Nevirapine 10mg/ml, oral suspension w/syringe, Bottle, 240 ml",10mg/ml,240,170,See DN-2594 (ID#:83021),1.95,0.01,0.46
"Lamivudine/Nevirapine/Zidovudine 150/200/300mg, tablets, 60 Tabs","Lamivudine/Nevirapine/Zidovudine 150/200/300mg, tablets, 60 Tabs",150/300/200mg,60,10000,See DN-2594 (ID#:83021),11,0.18,154.22
"Zidovudine 300mg, tablets, 60 Tabs","Zidovudine 300mg, tablets, 60 Tabs",300mg,60,137759,See DN-2598 (ID#:82465),7.02,0.12,1595.66
"Lamivudine/Tenofovir Disoproxil Fumarate 300/300mg, tablets, 30 Tabs","Lamivudine/Tenofovir Disoproxil Fumarate 300/300mg, tablets, 30 Tabs",300/300mg,30,12959,See DN-2603 (ID#:83023),6.08,0.2,110.46
"Nevirapine 200mg, tablets, 60 Tabs","Nevirapine 200mg, tablets, 60 Tabs",200mg,60,69037,See DN-2605 (ID#:82467),2.51,0.04,285.92
"Abacavir 300mg, tablets, 60 Tabs","Abacavir 300mg, tablets, 60 Tabs",300mg,60,24876,2345,11.46,0.19,352.64
"Lamivudine/Tenofovir Disoproxil Fumarate 300/300mg, tablets, 30 Tabs","Lamivudine/Tenofovir Disoproxil Fumarate 300/300mg, tablets, 30 Tabs",300/300mg,30,22872,See DN-2607 (ID#:83580),6.08,0.2,229.45
"Efavirenz/Emtricitabine/Tenofovir Disoproxil Fumarate 600/200/300mg, tablets, 30 Tabs","Efavirenz/Emtricitabine/Tenofovir Disoproxil Fumarate 600/200/300mg, tablets, 30 Tabs",600/200/300mg,30,150000,17001,16.73,0.56,4140.68
"Abacavir 300mg, tablets, 60 Tabs","Abacavir 300mg, tablets, 60 Tabs",300mg,60,15000,1485,14.63,0.24,307.67
"Lamivudine/Zidovudine 150/300mg, tablets, 60 Tabs","Lamivudine/Zidovudine 150/300mg, tablets, 60 Tabs",150/300mg,60,5,See DN-2612 (ID#:84157),8.26,0.14,0.07
"Lamivudine/Zidovudine 150/300mg, tablets, 60 Tabs","Lamivudine/Zidovudine 150/300mg, tablets, 60 Tabs",150/300mg,60,887,See DN-2624 (ID#:83584),8,0.13,11.71
"Lamivudine/Tenofovir Disoproxil Fumarate 300/300mg, tablets, 30 Tabs","Lamivudine/Tenofovir Disoproxil Fumarate 300/300mg, tablets, 30 Tabs",300/300mg,30,6263,See DN-2638 (ID#:85257),5.54,0.18,48.65
"Nevirapine 200mg, tablets, 60 Tabs","Nevirapine 200mg, tablets, 60 Tabs",200mg,60,87499,9645,2.44,0.04,299.32
"Lamivudine/Nevirapine/Zidovudine 150/200/300mg, tablets, 60 Tabs","Lamivudine/Nevirapine/Zidovudine 150/200/300mg, tablets, 60 Tabs",150/300/200mg,60,3275,See DN-2643 (ID#:82471),10.29,0.17,47.25
"Lopinavir/Ritonavir 200/50mg [Aluvia], tablets, 120 Tabs","Lopinavir/Ritonavir 200/50mg [Aluvia], tablets, 120 Tabs",200/50mg,120,917,See DN-2654 (ID#:82473),30.82,0.26,39.62
"Lamivudine/Zidovudine 150/300mg, tablets, 60 Tabs","Lamivudine/Zidovudine 150/300mg, tablets, 60 Tabs",150/300mg,60,33156,See DN-2663 (ID#:82478),7.78,0.13,361.65
"Efavirenz 600mg, tablets, 30 Tabs","Efavirenz 600mg, tablets, 30 Tabs",600mg,30,200,See DN-2678 (ID#:83040),4.12,0.14,1.16
"Lamivudine/Nevirapine/Zidovudine 150/200/300mg, tablets, 60 Tabs","Lamivudine/Nevirapine/Zidovudine 150/200/300mg, tablets, 60 Tabs",150/300/200mg,60,3479,See DN-2684 (ID#:82479),10.29,0.17,50.19
"Efavirenz/Lamivudine/Tenofovir Disoproxil Fumarate 600/300/300mg, tablets, 30 Tabs","Efavirenz/Lamivudine/Tenofovir Disoproxil Fumarate 600/300/300mg, tablets, 30 Tabs",600/300/300mg,30,20000,2334,14.1,0.47,395.36
"Efavirenz 200mg, capsule, 90 Caps","Efavirenz 200mg, capsule, 90 Caps",200mg,90,2067,307,8.64,0.1,25.04
"HIV 1/2, Determine Complete HIV Kit, 100 Tests","HIV 1/2, Determine Complete HIV Kit, 100 Tests",,100,5996,1363,80,0.8,672.51
"Lamivudine 150mg, tablets, 60 Tabs","Lamivudine 150mg, tablets, 60 Tabs",150mg,60,900,See DN-2697 (ID#:83045),2.33,0.04,2.94
"Tenofovir Disoproxil Fumarate 300mg, tablets, 30 Tabs","Tenofovir Disoproxil Fumarate 300mg, tablets, 30 Tabs",300mg,30,120,See DN-2697 (ID#:83045),5.5,0.18,0.93
"Zidovudine 300mg, tablets, 60 Tabs","Zidovudine 300mg, tablets, 60 Tabs",300mg,60,1300,See DN-2697 (ID#:83045),6.81,0.11,12.41
"Lamivudine/Stavudine 150/30mg, tablets, 60 Tabs","Lamivudine/Stavudine 150/30mg, tablets, 60 Tabs",150/30mg,60,2699,See DN-2694 (ID#:82483),2.95,0.05,13.14
"Lamivudine 150mg, tablets, 60 Tabs","Lamivudine 150mg, tablets, 60 Tabs",150mg,60,22100,See DN-2706 (ID#:85272),2.33,0.04,72.19
"Zidovudine 10mg/ml, oral solution w/syringe, Bottle, 240 ml","Zidovudine 10mg/ml, oral solution w/syringe, Bottle, 240 ml",10mg/ml,240,1600,See DN-2717 (ID#:83598),2.1,0.01,4.71
"Tenofovir Disoproxil Fumarate 300mg, tablets, 30 Tabs","Tenofovir Disoproxil Fumarate 300mg, tablets, 30 Tabs",300mg,30,10000,See DN-2718 (ID#:84176),5.5,0.18,77.11
"Nevirapine 10mg/ml, oral suspension w/syringe, Bottle, 240 ml","Nevirapine 10mg/ml, oral suspension w/syringe, Bottle, 240 ml",10mg/ml,240,29504,10913,1.95,0.01,94.93
"Lamivudine/Nevirapine/Zidovudine 150/200/300mg, tablets, 60 Tabs","Lamivudine/Nevirapine/Zidovudine 150/200/300mg, tablets, 60 Tabs",150/300/200mg,60,180000,23096,9.81,0.16,2475.65
"Zidovudine 300mg, tablets, 60 Tabs","Zidovudine 300mg, tablets, 60 Tabs",300mg,60,43020,22479,7.02,0.12,423.4
"Lamivudine/Nevirapine/Zidovudine 150/200/300mg, tablets, 60 Tabs","Lamivudine/Nevirapine/Zidovudine 150/200/300mg, tablets, 60 Tabs",150/300/200mg,60,4879,637,9.81,0.16,67.1
"Efavirenz 600mg, tablets, 30 Tabs","Efavirenz 600mg, tablets, 30 Tabs",600mg,30,17422,See DN-2741 (ID#:84180),3.81,0.13,109.52
"Lamivudine/Zidovudine 150/300mg, tablets, 60 Tabs","Lamivudine/Zidovudine 150/300mg, tablets, 60 Tabs",150/300mg,60,45000,4050,7.72,0.13,487.05
"Emtricitabine/Tenofovir Disoproxil Fumarate 200/300mg, tablets, 30 Tabs","Emtricitabine/Tenofovir Disoproxil Fumarate 200/300mg, tablets, 30 Tabs",200/300mg,30,66931,See DN-2761 (ID#:83606),7.11,0.24,667.18
"Abacavir 300mg, tablets, 60 Tabs","Abacavir 300mg, tablets, 60 Tabs",300mg,60,6100,681,12.96,0.22,110.84
"Lamivudine/Tenofovir Disoproxil Fumarate 300/300mg, tablets, 30 Tabs","Lamivudine/Tenofovir Disoproxil Fumarate 300/300mg, tablets, 30 Tabs",300/300mg,30,28839,See DN-2769 (ID#:83607),5.54,0.18,223.99
"Zidovudine 300mg, tablets, 60 Tabs","Zidovudine 300mg, tablets, 60 Tabs",300mg,60,90,5,6.76,0.11,0.85
"Efavirenz/Emtricitabine/Tenofovir Disoproxil Fumarate 600/200/300mg, tablets, 30 Tabs","Efavirenz/Emtricitabine/Tenofovir Disoproxil Fumarate 600/200/300mg, tablets, 30 Tabs",600/200/300mg,30,8640,972,15.04,0.5,182.18
"Lamivudine/Tenofovir Disoproxil Fumarate 300/300mg, tablets, 30 Tabs","Lamivudine/Tenofovir Disoproxil Fumarate 300/300mg, tablets, 30 Tabs",300/300mg,30,40000,See DN-2781 (ID#:83061),5.54,0.18,310.68
"Abacavir 300mg, tablets, 60 Tabs","Abacavir 300mg, tablets, 60 Tabs",300mg,60,10537,1048,13.15,0.22,194.26
"Lamivudine/Zidovudine 150/300mg, tablets, 60 Tabs","Lamivudine/Zidovudine 150/300mg, tablets, 60 Tabs",150/300mg,60,35120,See DN-2791 (ID#:83064),8,0.13,393.91
"Lopinavir/Ritonavir 200/50mg, tablets, 120 Tabs","Lopinavir/Ritonavir 200/50mg, tablets, 120 Tabs",200/50mg,120,17497,4898,29.31,0.24,719
"Zidovudine 300mg, tablets, 60 Tabs","Zidovudine 300mg, tablets, 60 Tabs",300mg,60,9000,486,6.76,0.11,85.3
"Efavirenz 600mg, tablets, 30 Tabs","Efavirenz 600mg, tablets, 30 Tabs",600mg,30,51240,4331,3.91,0.13,280.89
"Lamivudine/Tenofovir Disoproxil Fumarate 300/300mg, tablets, 30 Tabs","Lamivudine/Tenofovir Disoproxil Fumarate 300/300mg, tablets, 30 Tabs",300/300mg,30,33201,See DN-2804 (ID#:82499),5.36,0.18,293.63
"Efavirenz/Lamivudine/Tenofovir Disoproxil Fumarate 600/300/300mg, tablets, 30 Tabs","Efavirenz/Lamivudine/Tenofovir Disoproxil Fumarate 600/300/300mg, tablets, 30 Tabs",600/300/300mg,30,38160,See DN-2813 (ID#:82501),13.27,0.44,709.95
"Lopinavir/Ritonavir 200/50mg, tablets, 120 Tabs","Lopinavir/Ritonavir 200/50mg, tablets, 120 Tabs",200/50mg,120,306,See DN-2812 (ID#:83068),29.31,0.24,12.57
"Lamivudine/Zidovudine 150/300mg, tablets, 60 Tabs","Lamivudine/Zidovudine 150/300mg, tablets, 60 Tabs",150/300mg,60,58380,See DN-2816 (ID#:84747),7.72,0.13,631.87
"Nevirapine 200mg, tablets, 60 Tabs","Nevirapine 200mg, tablets, 60 Tabs",200mg,60,53922,9697,2.42,0.04,182.95
"Efavirenz/Emtricitabine/Tenofovir Disoproxil Fumarate 600/200/300mg, tablets, 30 Tabs","Efavirenz/Emtricitabine/Tenofovir Disoproxil Fumarate 600/200/300mg, tablets, 30 Tabs",600/200/300mg,30,8640,979,15.04,0.5,182.18
"Lamivudine/Zidovudine 150/300mg, tablets, 60 Tabs","Lamivudine/Zidovudine 150/300mg, tablets, 60 Tabs",150/300mg,60,1319,108,8,0.13,14.79
"Nevirapine 200mg, tablets, 60 Tabs","Nevirapine 200mg, tablets, 60 Tabs",200mg,60,30348,See DN-2830 (ID#:84751),2.44,0.04,103.82
"Nevirapine 200mg, tablets, 60 Tabs","Nevirapine 200mg, tablets, 60 Tabs",200mg,60,41926,See DN-2833 (ID#:82506),2.44,0.04,143.42
"Nevirapine 200mg, tablets, 60 Tabs","Nevirapine 200mg, tablets, 60 Tabs",200mg,60,10078,See DN-2848 (ID#:83078),2.44,0.04,34.48
"Efavirenz 600mg, tablets, 30 Tabs","Efavirenz 600mg, tablets, 30 Tabs",600mg,30,43772,See DN-2861 (ID#:82513),3.81,0.13,233.81
"Tenofovir Disoproxil Fumarate 300mg, tablets, 30 Tabs","Tenofovir Disoproxil Fumarate 300mg, tablets, 30 Tabs",300mg,30,1781,99,4.82,0.16,12.04
"Efavirenz/Emtricitabine/Tenofovir Disoproxil Fumarate 600/200/300mg, tablets, 30 Tabs","Efavirenz/Emtricitabine/Tenofovir Disoproxil Fumarate 600/200/300mg, tablets, 30 Tabs",600/200/300mg,30,10080,1143,14.38,0.48,203.22
"Lamivudine 150mg, tablets, 60 Tabs","Lamivudine 150mg, tablets, 60 Tabs",150mg,60,270,See DN-2871 (ID#:83626),2.22,0.04,0.84
"Abacavir/Lamivudine 600/300mg, scored tablets, 30 Tabs","Abacavir/Lamivudine 600/300mg, scored tablets, 30 Tabs",600/300mg,30,2880,See DN-2880 (ID#:85310),22.5,0.75,90.85
"Lamivudine/Zidovudine 150/300mg, tablets, 60 Tabs","Lamivudine/Zidovudine 150/300mg, tablets, 60 Tabs",150/300mg,60,28057,See DN-2886 (ID#:82519),7.72,0.13,303.67
"Nevirapine 200mg, tablets, 60 Tabs","Nevirapine 200mg, tablets, 60 Tabs",200mg,60,88208,See DN-2886 (ID#:82519),2.42,0.04,299.28
"Lamivudine/Tenofovir Disoproxil Fumarate 300/300mg, tablets, 30 Tabs","Lamivudine/Tenofovir Disoproxil Fumarate 300/300mg, tablets, 30 Tabs",300/300mg,30,18486,See DN-2887 (ID#:82520),5.36,0.18,138.92
"Lamivudine/Nevirapine/Stavudine 30/50/6mg, dispersible tablets, 60 Tabs","Lamivudine/Nevirapine/Stavudine 30/50/6mg, dispersible tablets, 60 Tabs",30/50/6mg,60,17600,3526,2.3,0.04,56.75
"Nevirapine 200mg, tablets, 60 Tabs","Nevirapine 200mg, tablets, 60 Tabs",200mg,60,510,See DN-2897 (ID#:84198),2.42,0.04,1.73
"Lamivudine/Nevirapine/Zidovudine 150/200/300mg, tablets, 60 Tabs","Lamivudine/Nevirapine/Zidovudine 150/200/300mg, tablets, 60 Tabs",150/300/200mg,60,149997,17605,9.81,0.16,2063
"Lamivudine/Zidovudine 150/300mg, tablets, 60 Tabs","Lamivudine/Zidovudine 150/300mg, tablets, 60 Tabs",150/300mg,60,24732,2143,7.72,0.13,267.69
"Efavirenz/Emtricitabine/Tenofovir Disoproxil Fumarate 600/200/300mg, tablets, 30 Tabs","Efavirenz/Emtricitabine/Tenofovir Disoproxil Fumarate 600/200/300mg, tablets, 30 Tabs",600/200/300mg,30,133000,15075,14.38,0.48,2681.38
"Lamivudine/Stavudine 150/30mg, tablets, 60 Tabs","Lamivudine/Stavudine 150/30mg, tablets, 60 Tabs",150/30mg,60,5468,437,2.95,0.05,22.62
"Lamivudine/Stavudine 150/30mg, tablets, 60 Tabs","Lamivudine/Stavudine 150/30mg, tablets, 60 Tabs",150/30mg,60,13152,1045,2.95,0.05,54.4
"Lamivudine/Zidovudine 30/60mg, tablets, 60 Tabs","Lamivudine/Zidovudine 30/60mg, tablets, 60 Tabs",30/60mg,60,2267,See DN-2913 (ID#:84764),2.76,0.05,8.77
"Lamivudine/Nevirapine/Zidovudine 150/200/300mg, tablets, 60 Tabs","Lamivudine/Nevirapine/Zidovudine 150/200/300mg, tablets, 60 Tabs",150/300/200mg,60,116000,17521,9.62,0.16,1564.52
"Efavirenz/Lamivudine/Tenofovir Disoproxil Fumarate 600/300/300mg, tablets, 30 Tabs","Efavirenz/Lamivudine/Tenofovir Disoproxil Fumarate 600/300/300mg, tablets, 30 Tabs",600/300/300mg,30,56404,6886,13.27,0.44,1049.37
"Lamivudine/Tenofovir Disoproxil Fumarate 300/300mg, tablets, 30 Tabs","Lamivudine/Tenofovir Disoproxil Fumarate 300/300mg, tablets, 30 Tabs",300/300mg,30,15594,See DN-2945 (ID#:82533),5.36,0.18,117.18
"Lamivudine/Tenofovir Disoproxil Fumarate 300/300mg, tablets, 30 Tabs","Lamivudine/Tenofovir Disoproxil Fumarate 300/300mg, tablets, 30 Tabs",300/300mg,30,48,5,5.36,0.18,0.36
"Lamivudine/Nevirapine/Zidovudine 150/200/300mg, tablets, 60 Tabs","Lamivudine/Nevirapine/Zidovudine 150/200/300mg, tablets, 60 Tabs",150/300/200mg,60,67271,7899,9.62,0.16,907.3
"Lamivudine/Nevirapine/Zidovudine 150/200/300mg, tablets, 60 Tabs","Lamivudine/Nevirapine/Zidovudine 150/200/300mg, tablets, 60 Tabs",150/300/200mg,60,40455,See DN-2970 (ID#:83644),9.62,0.16,545.63
"Nevirapine 200mg, tablets, 60 Tabs","Nevirapine 200mg, tablets, 60 Tabs",200mg,60,699,See DN-2971 (ID#:84212),2.42,0.04,2.37
"Lopinavir/Ritonavir 200/50mg, tablets, 120 Tabs","Lopinavir/Ritonavir 200/50mg, tablets, 120 Tabs",200/50mg,120,1573,388,24.76,0.21,48.18
"Lamivudine/Nevirapine/Zidovudine 150/200/300mg, tablets, 60 Tabs","Lamivudine/Nevirapine/Zidovudine 150/200/300mg, tablets, 60 Tabs",150/300/200mg,60,3235,See DN-2952 (ID#:82537),9.62,0.16,43.63
"Lamivudine/Nevirapine/Zidovudine 150/200/300mg, tablets, 60 Tabs","Lamivudine/Nevirapine/Zidovudine 150/200/300mg, tablets, 60 Tabs",150/300/200mg,60,24391,See DN-2981 (ID#:82538),8.97,0.15,270.64
"Efavirenz/Emtricitabine/Tenofovir Disoproxil Fumarate 600/200/300mg, tablets, 30 Tabs","Efavirenz/Emtricitabine/Tenofovir Disoproxil Fumarate 600/200/300mg, tablets, 30 Tabs",600/200/300mg,30,65379,7385,13.69,0.46,1254.84
"Lamivudine/Zidovudine 30/60mg, tablets, 60 Tabs","Lamivudine/Zidovudine 30/60mg, tablets, 60 Tabs",30/60mg,60,2512,177,2.26,0.04,7.02
"Abacavir 20mg/ml, oral solution w/syringe, Bottle, 240 ml","Abacavir 20mg/ml, oral solution w/syringe, Bottle, 240 ml",20mg/ml,240,3648,974,12.08,0.05,61.78
"Nevirapine 200mg, tablets, 60 Tabs","Nevirapine 200mg, tablets, 60 Tabs",200mg,60,107500,See DN-2996 (ID#:84784),2.31,0.04,348.15
"Lamivudine/Zidovudine 150/300mg, tablets, 60 Tabs","Lamivudine/Zidovudine 150/300mg, tablets, 60 Tabs",150/300mg,60,162827,See DN-2997 (ID#:85328),7.27,0.12,1659.62
"Lamivudine/Zidovudine 150/300mg, tablets, 60 Tabs","Lamivudine/Zidovudine 150/300mg, tablets, 60 Tabs",150/300mg,60,44383,See DN-2997 (ID#:85328),7.27,0.12,452.38
"Efavirenz 600mg, tablets, 30 Tabs","Efavirenz 600mg, tablets, 30 Tabs",600mg,30,9354,See DN-3001 (ID#:83651),3.56,0.12,41.19
"Lopinavir/Ritonavir 200/50mg, tablets, 120 Tabs","Lopinavir/Ritonavir 200/50mg, tablets, 120 Tabs",200/50mg,120,8494,2089,24.76,0.21,260.16
"Zidovudine 10mg/ml, oral solution w/syringe, Bottle, 240 ml","Zidovudine 10mg/ml, oral solution w/syringe, Bottle, 240 ml",10mg/ml,240,738,See DN-3017 (ID#:83108),2.1,0.01,1.92
"Tenofovir Disoproxil Fumarate 300mg, tablets, 30 Tabs","Tenofovir Disoproxil Fumarate 300mg, tablets, 30 Tabs",300mg,30,5800,See DN-3021 (ID#:82544),4.04,0.13,32.85
"Nevirapine 200mg, tablets, 60 Tabs","Nevirapine 200mg, tablets, 60 Tabs",200mg,60,60096,See DN-3030 (ID#:82549),2.26,0.04,190.42
"Lamivudine/Nevirapine/Zidovudine 30/50/60mg, dispersible tablets, 60 Tabs","Lamivudine/Nevirapine/Zidovudine 30/50/60mg, dispersible tablets, 60 Tabs",30/50/60mg,60,39850,See DN-3032 (ID#:82551),4.15,0.07,231.86
"Efavirenz 200mg, scored tablets, 90 Tabs","Efavirenz 200mg, scored tablets, 90 Tabs",200mg,90,257,See DN-3034 (ID#:84791),7.3,0.08,2.32
"Abacavir 300mg, tablets, 60 Tabs","Abacavir 300mg, tablets, 60 Tabs",300mg,60,2610,See DN-3015 (ID#:82554),12.96,0.22,41.84
"Zidovudine 10mg/ml, oral solution w/syringe, Bottle, 240 ml","Zidovudine 10mg/ml, oral solution w/syringe, Bottle, 240 ml",10mg/ml,240,1951,See DN-3015 (ID#:82554),2.1,0.01,5.07
"Lamivudine/Zidovudine 150/300mg, tablets, 60 Tabs","Lamivudine/Zidovudine 150/300mg, tablets, 60 Tabs",150/300mg,60,50000,See DN-3029 (ID#:82556),7.27,0.12,509.63
"Lamivudine/Tenofovir Disoproxil Fumarate 300/300mg, tablets, 30 Tabs","Lamivudine/Tenofovir Disoproxil Fumarate 300/300mg, tablets, 30 Tabs",300/300mg,30,132320,12328,4.7,0.16,871.91
"Lamivudine/Tenofovir Disoproxil Fumarate 300/300mg, tablets, 30 Tabs","Lamivudine/Tenofovir Disoproxil Fumarate 300/300mg, tablets, 30 Tabs",300/300mg,30,7680,See DN-3063 (ID#:84799),4.7,0.16,50.61
"Zidovudine 10mg/ml, oral solution w/syringe, Bottle, 240 ml","Zidovudine 10mg/ml, oral solution w/syringe, Bottle, 240 ml",10mg/ml,240,3000,1159,2.1,0.01,7.79
"Nevirapine 200mg, tablets, 60 Tabs","Nevirapine 200mg, tablets, 60 Tabs",200mg,60,86515,See DN-3084 (ID#:83125),2.26,0.04,241.86
"Efavirenz/Lamivudine/Tenofovir Disoproxil Fumarate 600/300/300mg, tablets, 30 Tabs","Efavirenz/Lamivudine/Tenofovir Disoproxil Fumarate 600/300/300mg, tablets, 30 Tabs",600/300/300mg,30,22000,2503,12.11,0.4,373.52
"Lamivudine/Zidovudine 150/300mg, tablets, 60 Tabs","Lamivudine/Zidovudine 150/300mg, tablets, 60 Tabs",150/300mg,60,43848,See DN-3075 (ID#:83129),7.27,0.12,446.92
"Efavirenz/Emtricitabine/Tenofovir Disoproxil Fumarate 600/200/300mg, tablets, 30 Tabs","Efavirenz/Emtricitabine/Tenofovir Disoproxil Fumarate 600/200/300mg, tablets, 30 Tabs",600/200/300mg,30,19014,See DN-3101 (ID#:83672),13.69,0.46,321.99
"Zidovudine 300mg, tablets, 60 Tabs","Zidovudine 300mg, tablets, 60 Tabs",300mg,60,2151,See DN-3110 (ID#:84809),6.54,0.11,17.4
"Zidovudine 300mg, tablets, 60 Tabs","Zidovudine 300mg, tablets, 60 Tabs",300mg,60,567,See DN-3110 (ID#:84809),6.54,0.11,4.59
"Lopinavir/Ritonavir 200/50mg, tablets, 120 Tabs","Lopinavir/Ritonavir 200/50mg, tablets, 120 Tabs",200/50mg,120,507,See DN-3125 (ID#:82571),24.76,0.21,15.53
"Lamivudine/Zidovudine 30/60mg, tablets, 60 Tabs","Lamivudine/Zidovudine 30/60mg, tablets, 60 Tabs",30/60mg,60,132,See DN-3125 (ID#:82571),2.26,0.04,0.37
"Nevirapine 200mg, tablets, 60 Tabs","Nevirapine 200mg, tablets, 60 Tabs",200mg,60,131520,See DN-3132 (ID#:83681),2.26,0.04,367.68
"Abacavir/Lamivudine 60/30mg, tablets, 60 Tabs","Abacavir/Lamivudine 60/30mg, tablets, 60 Tabs",60/30mg,60,2600,122,4.6,0.08,14.79
"Lamivudine/Nevirapine/Zidovudine 150/200/300mg, tablets, 60 Tabs","Lamivudine/Nevirapine/Zidovudine 150/200/300mg, tablets, 60 Tabs",150/300/200mg,60,36278,4943,8.58,0.14,385.04
"Efavirenz/Lamivudine/Tenofovir Disoproxil Fumarate 600/300/300mg, tablets, 30 Tabs","Efavirenz/Lamivudine/Tenofovir Disoproxil Fumarate 600/300/300mg, tablets, 30 Tabs",600/300/300mg,30,61394,8115,10.52,0.35,798.93
"Lamivudine/Nevirapine/Stavudine 60/100/12mg, dispersible tablets, 60 Tabs","Lamivudine/Nevirapine/Stavudine 60/100/12mg, dispersible tablets, 60 Tabs",60/100/12mg,60,2027,218,4.3,0.07,10.78
"Lamivudine/Tenofovir Disoproxil Fumarate 300/300mg, tablets, 30 Tabs","Lamivudine/Tenofovir Disoproxil Fumarate 300/300mg, tablets, 30 Tabs",300/300mg,30,1380,142,4.7,0.16,8.02
"Efavirenz 600mg, tablets, 30 Tabs","Efavirenz 600mg, tablets, 30 Tabs",600mg,30,47091,See DN-3173 (ID#:83687),3.33,0.11,193.98
"Efavirenz 600mg, tablets, 30 Tabs","Efavirenz 600mg, tablets, 30 Tabs",600mg,30,120000,See DN-3173 (ID#:83687),3.33,0.11,494.31
"Nevirapine 200mg, tablets, 60 Tabs","Nevirapine 200mg, tablets, 60 Tabs",200mg,60,96800,11808,2.31,0.04,276.6
"Nevirapine 10mg/ml, oral suspension w/syringe, Bottle, 240 ml","Nevirapine 10mg/ml, oral suspension w/syringe, Bottle, 240 ml",10mg/ml,240,24977,9174,1.95,0.01,68.28
"Efavirenz/Emtricitabine/Tenofovir Disoproxil Fumarate 600/200/300mg, tablets, 30 Tabs","Efavirenz/Emtricitabine/Tenofovir Disoproxil Fumarate 600/200/300mg, tablets, 30 Tabs",600/200/300mg,30,78787,9347,12.96,0.43,1431.55
"Zidovudine 300mg, tablets, 60 Tabs","Zidovudine 300mg, tablets, 60 Tabs",300mg,60,5320,273,6.41,0.11,42.18
"Efavirenz/Lamivudine/Tenofovir Disoproxil Fumarate 600/300/300mg, tablets, 30 Tabs","Efavirenz/Lamivudine/Tenofovir Disoproxil Fumarate 600/300/300mg, tablets, 30 Tabs",600/300/300mg,30,45000,See DN-3227 (ID#:82589),10.52,0.35,585.6
"Lamivudine/Tenofovir Disoproxil Fumarate 300/300mg, tablets, 30 Tabs","Lamivudine/Tenofovir Disoproxil Fumarate 300/300mg, tablets, 30 Tabs",300/300mg,30,131520,See DN-3231 (ID#:84831),4.7,0.16,764.64
"Lamivudine/Nevirapine/Zidovudine 30/50/60mg, dispersible tablets, 60 Tabs","Lamivudine/Nevirapine/Zidovudine 30/50/60mg, dispersible tablets, 60 Tabs",30/50/60mg,60,14217,See DN-3232 (ID#:85378),4.15,0.07,72.98
"Lopinavir/Ritonavir 200/50mg, tablets, 120 Tabs","Lopinavir/Ritonavir 200/50mg, tablets, 120 Tabs",200/50mg,120,16000,3893,21,0.18,415.63
"Zidovudine 10mg/ml, oral solution w/syringe, Bottle, 240 ml","Zidovudine 10mg/ml, oral solution w/syringe, Bottle, 240 ml",10mg/ml,240,2000,See DN-3216 (ID#:83701),2.1,0.01,5.2
"Lamivudine/Nevirapine/Zidovudine 30/50/60mg, dispersible tablets, 60 Tabs","Lamivudine/Nevirapine/Zidovudine 30/50/60mg, dispersible tablets, 60 Tabs",30/50/60mg,60,19000,2511,4.15,0.07,97.54
"Abacavir/Lamivudine 600/300mg, scored tablets, 30 Tabs","Abacavir/Lamivudine 600/300mg, scored tablets, 30 Tabs",600/300mg,30,1789,162,13.52,0.45,29.92
"Lamivudine/Nevirapine/Zidovudine 150/200/300mg, tablets, 60 Tabs","Lamivudine/Nevirapine/Zidovudine 150/200/300mg, tablets, 60 Tabs",150/300/200mg,60,26,33051,8.58,0.14,0.28
"Lamivudine/Zidovudine 150/300mg, tablets, 60 Tabs","Lamivudine/Zidovudine 150/300mg, tablets, 60 Tabs",150/300mg,60,8040,See DN-3257 (ID#:83148),7,0.12,69.62
"Lamivudine/Nevirapine/Zidovudine 150/200/300mg, tablets, 60 Tabs","Lamivudine/Nevirapine/Zidovudine 150/200/300mg, tablets, 60 Tabs",150/300/200mg,60,14010,See DN-3271 (ID#:85394),8.58,0.14,148.69
"Efavirenz/Lamivudine/Tenofovir Disoproxil Fumarate 600/300/300mg, tablets, 30 Tabs","Efavirenz/Lamivudine/Tenofovir Disoproxil Fumarate 600/300/300mg, tablets, 30 Tabs",600/300/300mg,30,125320,16498,10.52,0.35,1630.82
"Zidovudine 10mg/ml, oral solution w/syringe, Bottle, 240 ml","Zidovudine 10mg/ml, oral solution w/syringe, Bottle, 240 ml",10mg/ml,240,13100,5291,2.1,0.01,34.03
"Nevirapine 200mg, tablets, 60 Tabs","Nevirapine 200mg, tablets, 60 Tabs",200mg,60,2000,See DN-3289 (ID#:84844),2.26,0.04,5.59
"Lamivudine/Tenofovir Disoproxil Fumarate 300/300mg, tablets, 30 Tabs","Lamivudine/Tenofovir Disoproxil Fumarate 300/300mg, tablets, 30 Tabs",300/300mg,30,4969,See DN-3289 (ID#:84844),4.7,0.16,28.89
"Nevirapine 200mg, tablets, 60 Tabs","Nevirapine 200mg, tablets, 60 Tabs",200mg,60,47925,2933,2.26,0.04,133.98
"Lamivudine/Stavudine 30/6mg, dispersible tablets, 60 Tabs","Lamivudine/Stavudine 30/6mg, dispersible tablets, 60 Tabs",30/6mg,60,926,See DN-3300 (ID#:82601),1.9,0.03,2.18
"Nevirapine 200mg, tablets, 60 Tabs","Nevirapine 200mg, tablets, 60 Tabs",200mg,60,39180,See DN-3298 (ID#:84283),2.26,0.04,109.53
"Lamivudine/Tenofovir Disoproxil Fumarate 300/300mg, tablets, 30 Tabs","Lamivudine/Tenofovir Disoproxil Fumarate 300/300mg, tablets, 30 Tabs",300/300mg,30,12180,1208,4.7,0.16,70.81
"Lopinavir/Ritonavir 200/50mg [Aluvia], tablets, 120 Tabs","Lopinavir/Ritonavir 200/50mg [Aluvia], tablets, 120 Tabs",200/50mg,120,17167,3547,20.22,0.17,429.38
"Abacavir/Lamivudine 600/300mg, scored tablets, 30 Tabs","Abacavir/Lamivudine 600/300mg, scored tablets, 30 Tabs",600/300mg,30,284,48,13.52,0.45,4.75
"Lamivudine/Nevirapine/Zidovudine 30/50/60mg, dispersible tablets, 60 Tabs","Lamivudine/Nevirapine/Zidovudine 30/50/60mg, dispersible tablets, 60 Tabs",30/50/60mg,60,46050,2847,3.89,0.06,221.59
"Abacavir 300mg, tablets, 60 Tabs","Abacavir 300mg, tablets, 60 Tabs",300mg,60,3908,See DN-3327 (ID#:85400),11.46,0.19,55.4
"Abacavir/Lamivudine 600/300mg, scored tablets, 30 Tabs","Abacavir/Lamivudine 600/300mg, scored tablets, 30 Tabs",600/300mg,30,3316,292,13.52,0.45,55.46
"Lamivudine/Tenofovir Disoproxil Fumarate 300/300mg, tablets, 30 Tabs","Lamivudine/Tenofovir Disoproxil Fumarate 300/300mg, tablets, 30 Tabs",300/300mg,30,21709,1713,4.7,0.16,126.21
"Lamivudine 150mg, tablets, 60 Tabs","Lamivudine 150mg, tablets, 60 Tabs",150mg,60,6617,See DN-3355 (ID#:83726),1.99,0.03,16.29
"Emtricitabine/Tenofovir Disoproxil Fumarate 200/300mg, tablets, 30 Tabs","Emtricitabine/Tenofovir Disoproxil Fumarate 200/300mg, tablets, 30 Tabs",200/300mg,30,3478,See DN-3347 (ID#:82611),6.07,0.2,26.11
"Efavirenz 200mg, scored tablets, 90 Tabs","Efavirenz 200mg, scored tablets, 90 Tabs",200mg,90,1000,68,9.3,0.1,11.5
"Lopinavir/Ritonavir 200/50mg [Aluvia], tablets, 120 Tabs","Lopinavir/Ritonavir 200/50mg [Aluvia], tablets, 120 Tabs",200/50mg,120,56260,12427,20.22,0.17,1407.18
"Efavirenz/Lamivudine/Tenofovir Disoproxil Fumarate 600/300/300mg, tablets, 30 Tabs","Efavirenz/Lamivudine/Tenofovir Disoproxil Fumarate 600/300/300mg, tablets, 30 Tabs",600/300/300mg,30,37696,5093,11.15,0.37,519.92
"Lamivudine/Zidovudine 30/60mg, tablets, 60 Tabs","Lamivudine/Zidovudine 30/60mg, tablets, 60 Tabs",30/60mg,60,4160,See DN-3402 (ID#:83735),2.15,0.04,9.19
"Lamivudine/Tenofovir Disoproxil Fumarate 300/300mg, tablets, 30 Tabs","Lamivudine/Tenofovir Disoproxil Fumarate 300/300mg, tablets, 30 Tabs",300/300mg,30,83551,See DN-3413 (ID#:83181),4.81,0.16,497.13
"Efavirenz 600mg, tablets, 30 Tabs","Efavirenz 600mg, tablets, 30 Tabs",600mg,30,66864,4067,3.33,0.11,275.43
"Lamivudine 10mg/ml, oral solution w/syringe, Bottle, 240 ml","Lamivudine 10mg/ml, oral solution w/syringe, Bottle, 240 ml",10mg/ml,240,549,201,1.45,0.01,0.98
"Lopinavir/Ritonavir 200/50mg [Aluvia], tablets, 120 Tabs","Lopinavir/Ritonavir 200/50mg [Aluvia], tablets, 120 Tabs",200/50mg,120,1490,See DN-3425 (ID#:82618),20.22,0.17,37.27
"Lamivudine/Tenofovir Disoproxil Fumarate 300/300mg, tablets, 30 Tabs","Lamivudine/Tenofovir Disoproxil Fumarate 300/300mg, tablets, 30 Tabs",300/300mg,30,2575,272,4.7,0.16,14.97
"Nevirapine 10mg/ml, oral suspension w/syringe, Bottle, 240 ml","Nevirapine 10mg/ml, oral suspension w/syringe, Bottle, 240 ml",10mg/ml,240,2000,736,1.95,0.01,4.82
"Lamivudine/Zidovudine 30/60mg, tablets, 60 Tabs","Lamivudine/Zidovudine 30/60mg, tablets, 60 Tabs",30/60mg,60,6398,394,2.26,0.04,17.89
"Efavirenz 600mg, tablets, 30 Tabs","Efavirenz 600mg, tablets, 30 Tabs",600mg,30,50000,See DN-3439 (ID#:85423),3.33,0.11,205.96
"Lopinavir/Ritonavir 200/50mg [Aluvia], tablets, 120 Tabs","Lopinavir/Ritonavir 200/50mg [Aluvia], tablets, 120 Tabs",200/50mg,120,11193,2518,20.22,0.17,279.96
"Emtricitabine/Tenofovir Disoproxil Fumarate 200/300mg, tablets, 30 Tabs","Emtricitabine/Tenofovir Disoproxil Fumarate 200/300mg, tablets, 30 Tabs",200/300mg,30,337,See DN-3458 (ID#:83196),5.87,0.2,2.45
"Abacavir 20mg/ml, oral solution w/syringe, Bottle, 240 ml","Abacavir 20mg/ml, oral solution w/syringe, Bottle, 240 ml",20mg/ml,240,241,64,8.51,0.04,2.54
"Lamivudine/Nevirapine/Stavudine 30/50/6mg, dispersible tablets, 60 Tabs","Lamivudine/Nevirapine/Stavudine 30/50/6mg, dispersible tablets, 60 Tabs",30/50/6mg,60,9312,1221,2.3,0.04,26.49
"Efavirenz 600mg, tablets, 30 Tabs","Efavirenz 600mg, tablets, 30 Tabs",600mg,30,2100,See DN-3493 (ID#:84322),3.33,0.11,7.19
"Lamivudine/Nevirapine/Zidovudine 150/200/300mg, tablets, 60 Tabs","Lamivudine/Nevirapine/Zidovudine 150/200/300mg, tablets, 60 Tabs",150/300/200mg,60,26540,See DN-3497 (ID#:82640),8.26,0.14,271.18
"Lamivudine/Zidovudine 30/60mg, tablets, 60 Tabs","Lamivudine/Zidovudine 30/60mg, tablets, 60 Tabs",30/60mg,60,12000,See DN-3504 (ID#:84884),2.26,0.04,33.55
"Abacavir/Lamivudine 60/30mg, tablets, 60 Tabs","Abacavir/Lamivudine 60/30mg, tablets, 60 Tabs",60/30mg,60,9458,See DN-3501 (ID#:82641),4,0.07,46.8
"Nevirapine 10mg/ml, oral suspension w/syringe, Bottle, 100 ml","Nevirapine 10mg/ml, oral suspension w/syringe, Bottle, 100 ml",10mg/ml,100,45285,8998,1.3,0.01,72.82
"Abacavir/Lamivudine 60/30mg, tablets, 60 Tabs","Abacavir/Lamivudine 60/30mg, tablets, 60 Tabs",60/30mg,60,2088,102,4,0.07,8.59
"Zidovudine 10mg/ml, oral solution w/syringe, Bottle, 240 ml","Zidovudine 10mg/ml, oral solution w/syringe, Bottle, 240 ml",10mg/ml,240,5700,2845,2.1,0.01,14.81
"Nevirapine 10mg/ml, oral suspension w/syringe, Bottle, 100 ml","Nevirapine 10mg/ml, oral suspension w/syringe, Bottle, 100 ml",10mg/ml,100,13171,See DN-3531 (ID#:83761),1.3,0.01,21.18
"Lopinavir/Ritonavir 200/50mg, tablets, 120 Tabs","Lopinavir/Ritonavir 200/50mg, tablets, 120 Tabs",200/50mg,120,5247,1382,20.48,0.17,132.93
"Abacavir 300mg, tablets, 60 Tabs","Abacavir 300mg, tablets, 60 Tabs",300mg,60,6200,See DN-3530 (ID#:86041),11.36,0.19,87.12
"Lamivudine/Tenofovir Disoproxil Fumarate 300/300mg, tablets, 30 Tabs","Lamivudine/Tenofovir Disoproxil Fumarate 300/300mg, tablets, 30 Tabs",300/300mg,30,7426,753,4.7,0.16,43.17
"Lamivudine/Tenofovir Disoproxil Fumarate 300/300mg, tablets, 30 Tabs","Lamivudine/Tenofovir Disoproxil Fumarate 300/300mg, tablets, 30 Tabs",300/300mg,30,22400,See DN-3546 (ID#:82651),4.7,0.16,130.23
"Lamivudine/Tenofovir Disoproxil Fumarate 300/300mg, tablets, 30 Tabs","Lamivudine/Tenofovir Disoproxil Fumarate 300/300mg, tablets, 30 Tabs",300/300mg,30,5173,See DN-3547 (ID#:83763),4.7,0.16,30.08
"Lamivudine/Nevirapine/Zidovudine 150/200/300mg, tablets, 60 Tabs","Lamivudine/Nevirapine/Zidovudine 150/200/300mg, tablets, 60 Tabs",150/300/200mg,60,77999,See DN-3551 (ID#:84895),8.26,0.14,796.96
"Abacavir/Lamivudine 600/300mg, scored tablets, 30 Tabs","Abacavir/Lamivudine 600/300mg, scored tablets, 30 Tabs",600/300mg,30,611,55,13.52,0.45,10.22
"Zidovudine 10mg/ml, oral solution w/syringe, Bottle, 240 ml","Zidovudine 10mg/ml, oral solution w/syringe, Bottle, 240 ml",10mg/ml,240,2907,1122,2.1,0.01,6.28
"Lamivudine 150mg, tablets, 60 Tabs","Lamivudine 150mg, tablets, 60 Tabs",150mg,60,960,See DN-3561 (ID#:82654),2.23,0.04,2.2
"Efavirenz/Lamivudine/Tenofovir Disoproxil Fumarate 600/300/300mg, tablets, 30 Tabs","Efavirenz/Lamivudine/Tenofovir Disoproxil Fumarate 600/300/300mg, tablets, 30 Tabs",600/300/300mg,30,4290,See DN-3561 (ID#:82654),10.87,0.36,47.94
"Lamivudine 150mg, tablets, 60 Tabs","Lamivudine 150mg, tablets, 60 Tabs",150mg,60,10000,See DN-3565 (ID#:84903),2.23,0.04,27.59
"Lamivudine/Nevirapine/Zidovudine 150/200/300mg, tablets, 60 Tabs","Lamivudine/Nevirapine/Zidovudine 150/200/300mg, tablets, 60 Tabs",150/300/200mg,60,100000,See DN-3568 (ID#:82655),8.26,0.14,1021.76
"Lamivudine/Zidovudine 150/300mg, tablets, 60 Tabs","Lamivudine/Zidovudine 150/300mg, tablets, 60 Tabs",150/300mg,60,18000,1643,6.73,0.11,124.53
"Lopinavir/Ritonavir 200/50mg, tablets, 120 Tabs","Lopinavir/Ritonavir 200/50mg, tablets, 120 Tabs",200/50mg,120,26960,Weight Captured Separately,20.07,0.17,556.24
"Lopinavir/Ritonavir 200/50mg, tablets, 120 Tabs","Lopinavir/Ritonavir 200/50mg, tablets, 120 Tabs",200/50mg,120,1484,See DN-3585 (ID#:83223),21,0.18,32.04
"Lamivudine/Nevirapine/Zidovudine 150/200/300mg, tablets, 60 Tabs","Lamivudine/Nevirapine/Zidovudine 150/200/300mg, tablets, 60 Tabs",150/300/200mg,60,30000,See DN-3586 (ID#:83224),8.26,0.14,254.74
"Lamivudine/Zidovudine 150/300mg, tablets, 60 Tabs","Lamivudine/Zidovudine 150/300mg, tablets, 60 Tabs",150/300mg,60,16374,See DN-3587 (ID#:83776),6.73,0.11,113.28
"Lamivudine/Nevirapine/Zidovudine 150/200/300mg, tablets, 60 Tabs","Lamivudine/Nevirapine/Zidovudine 150/200/300mg, tablets, 60 Tabs",150/300/200mg,60,47108,7041,8.11,0.14,392.74
"Lamivudine/Nevirapine/Zidovudine 150/200/300mg, tablets, 60 Tabs","Lamivudine/Nevirapine/Zidovudine 150/200/300mg, tablets, 60 Tabs",150/300/200mg,60,50000,See DN-3589 (ID#:82657),8.26,0.14,424.56
"HIV 1/2/O, First Response HIV 1-2.0, v.3.0 Cards Kit, 30 Tests","HIV 1/2/O, First Response HIV 1-2.0, v.3.0 Cards Kit, 30 Tests",,30,2429,Weight Captured Separately,0,0,0
"Lamivudine 150mg, tablets, 60 Tabs","Lamivudine 150mg, tablets, 60 Tabs",150mg,60,519,See DN-3601 (ID#:85453),2.15,0.04,1.38
"Efavirenz/Lamivudine/Tenofovir Disoproxil Fumarate 600/300/300mg, tablets, 30 Tabs","Efavirenz/Lamivudine/Tenofovir Disoproxil Fumarate 600/300/300mg, tablets, 30 Tabs",600/300/300mg,30,401961,59322,10.52,0.35,5230.81
"Lamivudine/Nevirapine/Zidovudine 150/200/300mg, tablets, 60 Tabs","Lamivudine/Nevirapine/Zidovudine 150/200/300mg, tablets, 60 Tabs",150/300/200mg,60,34138,4009,8.26,0.14,289.88
"Abacavir 300mg, tablets, 60 Tabs","Abacavir 300mg, tablets, 60 Tabs",300mg,60,11209,1143,12.96,0.22,179.7
"Lamivudine/Nevirapine/Zidovudine 150/200/300mg, tablets, 60 Tabs","Lamivudine/Nevirapine/Zidovudine 150/200/300mg, tablets, 60 Tabs",150/300/200mg,60,15,5416,8.26,0.14,0.15
"Abacavir 300mg, tablets, 60 Tabs","Abacavir 300mg, tablets, 60 Tabs",300mg,60,70,See DN-3626 (ID#:83781),11.36,0.19,0.82
"Nevirapine 10mg/ml, oral suspension w/syringe, Bottle, 240 ml","Nevirapine 10mg/ml, oral suspension w/syringe, Bottle, 240 ml",10mg/ml,240,152,See DN-3626 (ID#:83781),1.86,0.01,0.29
"Efavirenz 600mg, tablets, 30 Tabs","Efavirenz 600mg, tablets, 30 Tabs",600mg,30,63000,See DN-3628 (ID#:83234),3.33,0.11,215.66
"Lamivudine/Zidovudine 30/60mg, tablets, 60 Tabs","Lamivudine/Zidovudine 30/60mg, tablets, 60 Tabs",30/60mg,60,373,14,2,0.03,0.77
"Tenofovir Disoproxil Fumarate 300mg, tablets, 30 Tabs","Tenofovir Disoproxil Fumarate 300mg, tablets, 30 Tabs",300mg,30,560,40,3.78,0.13,2.18
"Efavirenz 200mg, scored tablets, 90 Tabs","Efavirenz 200mg, scored tablets, 90 Tabs",200mg,90,819,58,9.3,0.1,7.83
"Lamivudine 150mg, tablets, 60 Tabs","Lamivudine 150mg, tablets, 60 Tabs",150mg,60,648,39,1.74,0.03,1.16
"Nevirapine 10mg/ml, oral suspension w/syringe, Bottle, 100 ml","Nevirapine 10mg/ml, oral suspension w/syringe, Bottle, 100 ml",10mg/ml,100,4000,See DN-3655 (ID#:83237),1.3,0.01,5.35
"Lamivudine/Tenofovir Disoproxil Fumarate 300/300mg, tablets, 30 Tabs","Lamivudine/Tenofovir Disoproxil Fumarate 300/300mg, tablets, 30 Tabs",300/300mg,30,97619,9905,4.64,0.15,560.3
"Lamivudine/Nevirapine/Zidovudine 30/50/60mg, dispersible tablets, 60 Tabs","Lamivudine/Nevirapine/Zidovudine 30/50/60mg, dispersible tablets, 60 Tabs",30/50/60mg,60,14789,825,3.75,0.06,57.01
"Efavirenz/Lamivudine/Tenofovir Disoproxil Fumarate 600/300/300mg, tablets, 30 Tabs","Efavirenz/Lamivudine/Tenofovir Disoproxil Fumarate 600/300/300mg, tablets, 30 Tabs",600/300/300mg,30,66407,See DN-3702 (ID#:84928),10.78,0.36,885.53
"Efavirenz/Lamivudine/Tenofovir Disoproxil Fumarate 600/300/300mg, tablets, 30 Tabs","Efavirenz/Lamivudine/Tenofovir Disoproxil Fumarate 600/300/300mg, tablets, 30 Tabs",600/300/300mg,30,132926,17791,11.15,0.37,1523.62
"Lamivudine/Nevirapine/Zidovudine 150/200/300mg, tablets, 60 Tabs","Lamivudine/Nevirapine/Zidovudine 150/200/300mg, tablets, 60 Tabs",150/300/200mg,60,274715,66966,8.11,0.14,2290.32
"Lamivudine/Nevirapine/Zidovudine 150/200/300mg, tablets, 60 Tabs","Lamivudine/Nevirapine/Zidovudine 150/200/300mg, tablets, 60 Tabs",150/300/200mg,60,52898,See DN-3732 (ID#:82680),8.11,0.14,441.01
"Lamivudine/Nevirapine/Zidovudine 150/200/300mg, tablets, 60 Tabs","Lamivudine/Nevirapine/Zidovudine 150/200/300mg, tablets, 60 Tabs",150/300/200mg,60,30,See DN-3732 (ID#:82680),8.11,0.14,0.25
"Lopinavir/Ritonavir 200/50mg [Aluvia], tablets, 120 Tabs","Lopinavir/Ritonavir 200/50mg [Aluvia], tablets, 120 Tabs",200/50mg,120,18960,4227,18.9,0.16,368.38
"Lopinavir/Ritonavir 200/50mg, tablets, 120 Tabs","Lopinavir/Ritonavir 200/50mg, tablets, 120 Tabs",200/50mg,120,13429,3522,19.71,0.16,272.1
"Lamivudine/Tenofovir Disoproxil Fumarate 300/300mg, tablets, 30 Tabs","Lamivudine/Tenofovir Disoproxil Fumarate 300/300mg, tablets, 30 Tabs",300/300mg,30,29440,2438,4.7,0.16,142.24
"Nevirapine 10mg/ml, oral suspension w/syringe, Bottle, 240 ml","Nevirapine 10mg/ml, oral suspension w/syringe, Bottle, 240 ml",10mg/ml,240,45696,See DN-3752 (ID#:84373),1.63,0.01,76.57
"Nevirapine 200mg, tablets, 60 Tabs","Nevirapine 200mg, tablets, 60 Tabs",200mg,60,77187,4800,2.18,0.04,208.15
"Abacavir 300mg, tablets, 60 Tabs","Abacavir 300mg, tablets, 60 Tabs",300mg,60,323,35,11.23,0.19,3.73
"Efavirenz/Lamivudine/Tenofovir Disoproxil Fumarate 600/300/300mg, tablets, 30 Tabs","Efavirenz/Lamivudine/Tenofovir Disoproxil Fumarate 600/300/300mg, tablets, 30 Tabs",600/300/300mg,30,7764,1347,10.78,0.36,86.04
"Lopinavir/Ritonavir 200/50mg [Aluvia], tablets, 120 Tabs","Lopinavir/Ritonavir 200/50mg [Aluvia], tablets, 120 Tabs",200/50mg,120,35822,See DN-3833 (ID#:82691),18.9,0.16,695.99
"Zidovudine 10mg/ml, oral solution w/syringe, Bottle, 240 ml","Zidovudine 10mg/ml, oral solution w/syringe, Bottle, 240 ml",10mg/ml,240,106,See DN-3900 (ID#:83815),2.1,0.01,0.23
"Lopinavir/Ritonavir 200/50mg, tablets, 120 Tabs","Lopinavir/Ritonavir 200/50mg, tablets, 120 Tabs",200/50mg,120,14480,7039,19.71,0.16,293.39
"Efavirenz/Lamivudine/Tenofovir Disoproxil Fumarate 600/300/300mg, tablets, 30 Tabs","Efavirenz/Lamivudine/Tenofovir Disoproxil Fumarate 600/300/300mg, tablets, 30 Tabs",600/300/300mg,30,76236,See DN-3875 (ID#:83255),10.78,0.36,844.84
"Zidovudine 300mg, tablets, 60 Tabs","Zidovudine 300mg, tablets, 60 Tabs",300mg,60,1000,See DN-3936 (ID#:85530),5.44,0.09,5.59
"Lamivudine/Zidovudine 150/300mg, tablets, 60 Tabs","Lamivudine/Zidovudine 150/300mg, tablets, 60 Tabs",150/300mg,60,3485,See DN-3885 (ID#:82693),6.52,0.11,23.36
"Nevirapine 200mg, tablets, 60 Tabs","Nevirapine 200mg, tablets, 60 Tabs",200mg,60,88809,See DN-3787 (ID#:83818),2.26,0.04,206.33
"Abacavir/Lamivudine 60/30mg, tablets, 60 Tabs","Abacavir/Lamivudine 60/30mg, tablets, 60 Tabs",60/30mg,60,10000,365,4.09,0.07,42.05
"Abacavir/Lamivudine 600/300mg, tablets, 30 Tabs","Abacavir/Lamivudine 600/300mg, tablets, 30 Tabs",600/300mg,30,2600,235,13.52,0.45,36.14
"Lamivudine/Zidovudine 30/60mg, tablets, 60 Tabs","Lamivudine/Zidovudine 30/60mg, tablets, 60 Tabs",30/60mg,60,362,16,1.99,0.03,0.74
"Efavirenz/Lamivudine/Tenofovir Disoproxil Fumarate 600/300/300mg, tablets, 30 Tabs","Efavirenz/Lamivudine/Tenofovir Disoproxil Fumarate 600/300/300mg, tablets, 30 Tabs",600/300/300mg,30,175000,See DN-3819 (ID#:85506),10.78,0.36,1939.32
"Zidovudine 300mg, tablets, 60 Tabs","Zidovudine 300mg, tablets, 60 Tabs",300mg,60,7130,See DN-3822 (ID#:84390),5.44,0.09,39.87
"Lamivudine/Nevirapine/Zidovudine 150/200/300mg, tablets, 60 Tabs","Lamivudine/Nevirapine/Zidovudine 150/200/300mg, tablets, 60 Tabs",150/300/200mg,60,232476,See DN-3827 (ID#:82705),8.11,0.14,1938.17
"Lamivudine/Nevirapine/Zidovudine 150/200/300mg, tablets, 60 Tabs","Lamivudine/Nevirapine/Zidovudine 150/200/300mg, tablets, 60 Tabs",150/300/200mg,60,42000,See DN-3827 (ID#:82705),8.11,0.14,350.16
"Efavirenz 600mg, tablets, 30 Tabs","Efavirenz 600mg, tablets, 30 Tabs",600mg,30,2955,See DN-3843 (ID#:82707),3.21,0.11,9.75
"Zidovudine 300mg, tablets, 60 Tabs","Zidovudine 300mg, tablets, 60 Tabs",300mg,60,2829,See DN-3843 (ID#:82707),5.44,0.09,15.82
"Efavirenz/Lamivudine/Tenofovir Disoproxil Fumarate 600/300/300mg, tablets, 30 Tabs","Efavirenz/Lamivudine/Tenofovir Disoproxil Fumarate 600/300/300mg, tablets, 30 Tabs",600/300/300mg,30,3300,See DN-3843 (ID#:82707),10.78,0.36,36.57
"Lamivudine/Zidovudine 150/300mg, tablets, 60 Tabs","Lamivudine/Zidovudine 150/300mg, tablets, 60 Tabs",150/300mg,60,90472,See DN-3828 (ID#:82713),6.52,0.11,606.39
"Nevirapine 200mg, tablets, 60 Tabs","Nevirapine 200mg, tablets, 60 Tabs",200mg,60,525,35,2.21,0.04,1.19
"Efavirenz 600mg, tablets, 30 Tabs","Efavirenz 600mg, tablets, 30 Tabs",600mg,30,77000,See DN-3865 (ID#:82723),3.21,0.11,254.09
"Lamivudine/Nevirapine/Zidovudine 30/50/60mg, dispersible tablets, 60 Tabs","Lamivudine/Nevirapine/Zidovudine 30/50/60mg, dispersible tablets, 60 Tabs",30/50/60mg,60,54976,2356,3.75,0.06,211.93
"Lamivudine/Stavudine 30/6mg, dispersible tablets, 60 Tabs","Lamivudine/Stavudine 30/6mg, dispersible tablets, 60 Tabs",30/6mg,60,10383,767,1.9,0.03,20.28
"Lamivudine/Zidovudine 150/300mg, tablets, 60 Tabs","Lamivudine/Zidovudine 150/300mg, tablets, 60 Tabs",150/300mg,60,13337,See DN-3907 (ID#:82729),6.52,0.11,89.39
"Tenofovir Disoproxil Fumarate 300mg, tablets, 30 Tabs","Tenofovir Disoproxil Fumarate 300mg, tablets, 30 Tabs",300mg,30,2095,See DN-3966 (ID#:82739),3.62,0.12,7.8
"Lopinavir/Ritonavir 200/50mg, tablets, 120 Tabs","Lopinavir/Ritonavir 200/50mg, tablets, 120 Tabs",200/50mg,120,21497,21,19.66,0.16,434.46
"Lamivudine/Tenofovir Disoproxil Fumarate 300/300mg, tablets, 30 Tabs","Lamivudine/Tenofovir Disoproxil Fumarate 300/300mg, tablets, 30 Tabs",300/300mg,30,20327,2130,4.62,0.15,96.54
"Tenofovir Disoproxil Fumarate 300mg, tablets, 30 Tabs","Tenofovir Disoproxil Fumarate 300mg, tablets, 30 Tabs",300mg,30,5850,See DN-3975 (ID#:82748),3.78,0.13,22.73
"Efavirenz 600mg, tablets, 30 Tabs","Efavirenz 600mg, tablets, 30 Tabs",600mg,30,6776,514,3.12,0.1,21.73
"Lamivudine/Nevirapine/Zidovudine 150/200/300mg, tablets, 60 Tabs","Lamivudine/Nevirapine/Zidovudine 150/200/300mg, tablets, 60 Tabs",150/300/200mg,60,1536,See DN-4003 (ID#:84425),8.11,0.14,12.81
"Efavirenz 600mg, tablets, 30 Tabs","Efavirenz 600mg, tablets, 30 Tabs",600mg,30,25555,See DN-4017 (ID#:84997),3.21,0.11,84.33
"Lamivudine/Nevirapine/Zidovudine 30/50/60mg, dispersible tablets, 60 Tabs","Lamivudine/Nevirapine/Zidovudine 30/50/60mg, dispersible tablets, 60 Tabs",30/50/60mg,60,20000,1920,3.75,0.06,77.1
"Efavirenz 600mg, tablets, 30 Tabs","Efavirenz 600mg, tablets, 30 Tabs",600mg,30,7500,See DN-4041 (ID#:83291),3.21,0.11,24.75
"Efavirenz/Lamivudine/Tenofovir Disoproxil Fumarate 600/300/300mg, tablets, 30 Tabs","Efavirenz/Lamivudine/Tenofovir Disoproxil Fumarate 600/300/300mg, tablets, 30 Tabs",600/300/300mg,30,13000,See DN-4061 (ID#:83864),9.76,0.33,149.34
"Efavirenz/Lamivudine/Tenofovir Disoproxil Fumarate 600/300/300mg, tablets, 30 Tabs","Efavirenz/Lamivudine/Tenofovir Disoproxil Fumarate 600/300/300mg, tablets, 30 Tabs",600/300/300mg,30,85000,Weight Captured Separately,9.76,0.33,976.44
"Lamivudine/Zidovudine 30/60mg, dispersible tablets, 60 Tabs","Lamivudine/Zidovudine 30/60mg, dispersible tablets, 60 Tabs",30/60mg,60,30457,2375,1.99,0.03,62.31
"Lamivudine/Zidovudine 30/60mg, dispersible tablets, 60 Tabs","Lamivudine/Zidovudine 30/60mg, dispersible tablets, 60 Tabs",30/60mg,60,1956,See DN-4039 (ID#:83869),1.99,0.03,4
"Lamivudine/Zidovudine 150/300mg, tablets, 60 Tabs","Lamivudine/Zidovudine 150/300mg, tablets, 60 Tabs",150/300mg,60,43334,See DN-4081 (ID#:83872),6.73,0.11,299.8
"Lopinavir/Ritonavir 200/50mg, tablets, 120 Tabs","Lopinavir/Ritonavir 200/50mg, tablets, 120 Tabs",200/50mg,120,11728,2932,19.36,0.16,233.41
"Abacavir/Lamivudine 600/300mg, tablets, 30 Tabs","Abacavir/Lamivudine 600/300mg, tablets, 30 Tabs",600/300mg,30,10300,See DN-4102 (ID#:83880),13.52,0.45,163.9
"Nevirapine 200mg, tablets, 60 Tabs","Nevirapine 200mg, tablets, 60 Tabs",200mg,60,27104,See DN-4117 (ID#:84449),2.18,0.04,60.74
"Lamivudine/Nevirapine/Zidovudine 150/200/300mg, tablets, 60 Tabs","Lamivudine/Nevirapine/Zidovudine 150/200/300mg, tablets, 60 Tabs",150/300/200mg,60,183995,See DN-4122 (ID#:85012),7.72,0.13,1460.21
"Lamivudine/Zidovudine 150/300mg, tablets, 60 Tabs","Lamivudine/Zidovudine 150/300mg, tablets, 60 Tabs",150/300mg,60,19000,See DN-4137 (ID#:84450),6.52,0.11,127.35
"Lamivudine/Zidovudine 150/300mg, tablets, 60 Tabs","Lamivudine/Zidovudine 150/300mg, tablets, 60 Tabs",150/300mg,60,104000,9208,6.73,0.11,719.52
"Nevirapine 200mg, tablets, 60 Tabs","Nevirapine 200mg, tablets, 60 Tabs",200mg,60,1960,9674,2.18,0.04,5.03
"Nevirapine 200mg, tablets, 60 Tabs","Nevirapine 200mg, tablets, 60 Tabs",200mg,60,198040,See DN-4154 (ID#:84454),2.18,0.04,443.82
"Lamivudine/Nevirapine/Zidovudine 30/50/60mg, dispersible tablets, 60 Tabs","Lamivudine/Nevirapine/Zidovudine 30/50/60mg, dispersible tablets, 60 Tabs",30/50/60mg,60,4550,See DN-4157 (ID#:82779),3.6,0.06,16.84
"Lamivudine/Zidovudine 150/300mg, tablets, 60 Tabs","Lamivudine/Zidovudine 150/300mg, tablets, 60 Tabs",150/300mg,60,20000,1790,6.52,0.11,153.48
"Lamivudine/Nevirapine/Zidovudine 150/200/300mg, tablets, 60 Tabs","Lamivudine/Nevirapine/Zidovudine 150/200/300mg, tablets, 60 Tabs",150/300/200mg,60,1728,See DN-4144 (ID#:82781),7.72,0.13,15.7
"Lamivudine/Zidovudine 150/300mg, tablets, 60 Tabs","Lamivudine/Zidovudine 150/300mg, tablets, 60 Tabs",150/300mg,60,148569,See DN-4170 (ID#:85020),6.52,0.11,995.79
"Nevirapine 200mg, tablets, 60 Tabs","Nevirapine 200mg, tablets, 60 Tabs",200mg,60,240,Weight Captured Separately,2.18,0.04,0.62
"Efavirenz/Lamivudine/Tenofovir Disoproxil Fumarate 600/300/300mg, tablets, 30 Tabs","Efavirenz/Lamivudine/Tenofovir Disoproxil Fumarate 600/300/300mg, tablets, 30 Tabs",600/300/300mg,30,600906,67880,9.6,0.32,5930.22
"Lamivudine 10mg/ml, oral solution, Bottle, 240 ml","Lamivudine 10mg/ml, oral solution, Bottle, 240 ml",10mg/ml,240,110,See DN-4195 (ID#:83324),1.93,0.01,0.25
"Abacavir/Lamivudine 60/30mg, dispersible tablets, 60 Tabs","Abacavir/Lamivudine 60/30mg, dispersible tablets, 60 Tabs",60/30mg,60,820,See DN-4196 (ID#:85025),5.09,0.08,4.91
"Lamivudine/Nevirapine/Zidovudine 30/50/60mg, dispersible tablets, 60 Tabs","Lamivudine/Nevirapine/Zidovudine 30/50/60mg, dispersible tablets, 60 Tabs",30/50/60mg,60,4355,See DN-4197 (ID#:85578),3.6,0.06,18.45
"Lamivudine/Nevirapine/Zidovudine 150/200/300mg, tablets, 60 Tabs","Lamivudine/Nevirapine/Zidovudine 150/200/300mg, tablets, 60 Tabs",150/300/200mg,60,44102,8221,7.72,0.13,400.73
"Efavirenz 600mg, tablets, 30 Tabs","Efavirenz 600mg, tablets, 30 Tabs",600mg,30,2,See DN-4218 (ID#:83326),3.12,0.1,0.01
"Zidovudine 300mg, tablets, 60 Tabs","Zidovudine 300mg, tablets, 60 Tabs",300mg,60,793,See DN-4227 (ID#:82795),5.33,0.09,4.35
"Efavirenz 200mg, scored tablets, 90 Tabs","Efavirenz 200mg, scored tablets, 90 Tabs",200mg,90,2118,Weight Captured Separately,9.3,0.1,23.18
"Efavirenz/Lamivudine/Tenofovir Disoproxil Fumarate 600/300/300mg, tablets, 30 Tabs","Efavirenz/Lamivudine/Tenofovir Disoproxil Fumarate 600/300/300mg, tablets, 30 Tabs",600/300/300mg,30,291928,37701,9.6,0.32,2880.98
"Lamivudine/Zidovudine 30/60mg, dispersible tablets, 60 Tabs","Lamivudine/Zidovudine 30/60mg, dispersible tablets, 60 Tabs",30/60mg,60,4000,See DN-4250 (ID#:82799),1.99,0.03,8.18
"Lopinavir/Ritonavir 200/50mg, tablets, 120 Tabs","Lopinavir/Ritonavir 200/50mg, tablets, 120 Tabs",200/50mg,120,5900,See DN-4253 (ID#:83334),19.36,0.16,117.42
"Lamivudine/Zidovudine 150/300mg, tablets, 60 Tabs","Lamivudine/Zidovudine 150/300mg, tablets, 60 Tabs",150/300mg,60,37503,See DN-4253 (ID#:83334),6.52,0.11,251.37
"Efavirenz/Lamivudine/Tenofovir Disoproxil Fumarate 600/300/300mg, tablets, 30 Tabs","Efavirenz/Lamivudine/Tenofovir Disoproxil Fumarate 600/300/300mg, tablets, 30 Tabs",600/300/300mg,30,555197,See DN-4257 (ID#:84468),9.6,0.32,5479.13
"Lamivudine/Nevirapine/Zidovudine 150/200/300mg, tablets, 60 Tabs","Lamivudine/Nevirapine/Zidovudine 150/200/300mg, tablets, 60 Tabs",150/300/200mg,60,150000,See DN-4260 (ID#:85596),7.72,0.13,1190.42
"Efavirenz/Lamivudine/Tenofovir Disoproxil Fumarate 600/300/300mg, tablets, 30 Tabs","Efavirenz/Lamivudine/Tenofovir Disoproxil Fumarate 600/300/300mg, tablets, 30 Tabs",600/300/300mg,30,134991,26861,9.6,0.32,1332.2
"Efavirenz/Lamivudine/Tenofovir Disoproxil Fumarate 600/300/300mg, tablets, 30 Tabs","Efavirenz/Lamivudine/Tenofovir Disoproxil Fumarate 600/300/300mg, tablets, 30 Tabs",600/300/300mg,30,59500,See DN-4273 (ID#:86203),9.6,0.32,587.19
"Lamivudine/Nevirapine/Zidovudine 150/200/300mg, tablets, 60 Tabs","Lamivudine/Nevirapine/Zidovudine 150/200/300mg, tablets, 60 Tabs",150/300/200mg,60,178329,See DN-4275 (ID#:83337),7.72,0.13,1415.25
"Lamivudine/Zidovudine 150/300mg, tablets, 60 Tabs","Lamivudine/Zidovudine 150/300mg, tablets, 60 Tabs",150/300mg,60,37742,3322,6.52,0.11,289.63
"Efavirenz 600mg, tablets, 30 Tabs","Efavirenz 600mg, tablets, 30 Tabs",600mg,30,9800,See DN-4283 (ID#:83912),3.12,0.1,35.99
"Lamivudine/Nevirapine/Zidovudine 150/200/300mg, tablets, 60 Tabs","Lamivudine/Nevirapine/Zidovudine 150/200/300mg, tablets, 60 Tabs",150/300/200mg,60,30881,See DN-4310 (ID#:82811),8.11,0.14,294.77
"Lamivudine/Zidovudine 150/300mg, tablets, 60 Tabs","Lamivudine/Zidovudine 150/300mg, tablets, 60 Tabs",150/300mg,60,55000,Weight Captured Separately,6.52,0.11,368.64
"Abacavir/Lamivudine 60/30mg, dispersible tablets, 60 Tabs","Abacavir/Lamivudine 60/30mg, dispersible tablets, 60 Tabs",60/30mg,60,44022,Weight Captured Separately,5.09,0.08,230.35
"Tenofovir Disoproxil Fumarate 300mg, tablets, 30 Tabs","Tenofovir Disoproxil Fumarate 300mg, tablets, 30 Tabs",300mg,30,385,25,3.55,0.12,1.61
"Efavirenz 600mg, tablets, 30 Tabs","Efavirenz 600mg, tablets, 30 Tabs",600mg,30,9800,622,3.19,0.11,36.8
"Lamivudine/Zidovudine 30/60mg, dispersible tablets, 60 Tabs","Lamivudine/Zidovudine 30/60mg, dispersible tablets, 60 Tabs",30/60mg,60,17660,3595,1.99,0.03,41.36
"Efavirenz 200mg, scored tablets, 90 Tabs","Efavirenz 200mg, scored tablets, 90 Tabs",200mg,90,2434,See DN-4345 (ID#:82820),9.3,0.1,26.64
"Efavirenz 600mg, tablets, 30 Tabs","Efavirenz 600mg, tablets, 30 Tabs",600mg,30,301,See DN-1311 (ID#:82837),6.85,0.23,4.04
"Lamivudine/Nevirapine/Stavudine 30/50/6mg, dispersible tablets, 60 Tabs","Lamivudine/Nevirapine/Stavudine 30/50/6mg, dispersible tablets, 60 Tabs",30/50/6mg,60,46,2,2.49,0.04,0.22
"Stavudine 30mg, capsules, 60 Caps","Stavudine 30mg, capsules, 60 Caps",30mg,60,45,See DN-1360 (ID#:83371),1.46,0.02,0.13
"Efavirenz 600mg, tablets, 30 Tabs","Efavirenz 600mg, tablets, 30 Tabs",600mg,30,380,See DN-1452 (ID#:82272),6.22,0.21,4.63
"Stavudine 30mg, capsules, 60 Caps","Stavudine 30mg, capsules, 60 Caps",30mg,60,63,See DN-1452 (ID#:82272),1.46,0.02,0.18
"Nevirapine 10mg/ml, oral suspension, Bottle, 240 ml","Nevirapine 10mg/ml, oral suspension, Bottle, 240 ml",10mg/ml,240,1200,445,1.92,0.01,4.52
"Efavirenz 600mg, tablets, 30 Tabs","Efavirenz 600mg, tablets, 30 Tabs",600mg,30,2200,See DN-1456 (ID#:83952),6.22,0.21,26.82
"Nevirapine 200mg, tablets, 60 Tabs","Nevirapine 200mg, tablets, 60 Tabs",200mg,60,20025,See DN-1493 (ID#:83374),2.9,0.05,113.82
"Efavirenz 600mg, tablets, 30 Tabs","Efavirenz 600mg, tablets, 30 Tabs",600mg,30,30464,See DN-1523 (ID#:83961),5.78,0.19,345.12
"Lamivudine 10mg/ml, oral solution, Bottle, 240 ml","Lamivudine 10mg/ml, oral solution, Bottle, 240 ml",10mg/ml,240,2000,688,1.9,0.01,7.45
"Lamivudine/Tenofovir Disoproxil Fumarate 300/300mg, tablets, 30 Tabs","Lamivudine/Tenofovir Disoproxil Fumarate 300/300mg, tablets, 30 Tabs",300/300mg,30,2150,179,10,0.33,42.14
"Lamivudine/Zidovudine 150/300mg, tablets, 60 Tabs","Lamivudine/Zidovudine 150/300mg, tablets, 60 Tabs",150/300mg,60,16575,6843,8.76,0.15,284.59
"Lamivudine/Stavudine 150/30mg, tablets, 60 Tabs","Lamivudine/Stavudine 150/30mg, tablets, 60 Tabs",150/30mg,60,4000,See DN-1554 (ID#:84514),4,0.07,31.36
"Lamivudine/Zidovudine 150/300mg, tablets, 60 Tabs","Lamivudine/Zidovudine 150/300mg, tablets, 60 Tabs",150/300mg,60,30564,2773,8.76,0.15,524.77
"Lamivudine/Zidovudine 150/300mg, tablets, 60 Tabs","Lamivudine/Zidovudine 150/300mg, tablets, 60 Tabs",150/300mg,60,11949,1084,8.76,0.15,205.16
"Efavirenz 600mg, tablets, 30 Tabs","Efavirenz 600mg, tablets, 30 Tabs",600mg,30,2500,216,5.78,0.19,31.15
"Lamivudine/Tenofovir Disoproxil Fumarate 300/300mg, tablets, 30 Tabs","Lamivudine/Tenofovir Disoproxil Fumarate 300/300mg, tablets, 30 Tabs",300/300mg,30,1100,See DN-1598 (ID#:83392),10,0.33,23.72
"Zidovudine 300mg, tablets, 60 Tabs","Zidovudine 300mg, tablets, 60 Tabs",300mg,60,140,See DN-1598 (ID#:83392),7.53,0.13,2.27
"Lamivudine/Stavudine 150/30mg, tablets, 60 Tabs","Lamivudine/Stavudine 150/30mg, tablets, 60 Tabs",150/30mg,60,80000,4162,3.8,0.06,595.84
"Efavirenz 50mg, capsule, 30 Caps","Efavirenz 50mg, capsule, 30 Caps",50mg,30,1528,See DN-1617 (ID#:83395),2.24,0.07,7.38
"Lamivudine/Nevirapine/Zidovudine 150/200/300mg, tablets, 60 Tabs","Lamivudine/Nevirapine/Zidovudine 150/200/300mg, tablets, 60 Tabs",150/300/200mg,60,35000,See DN-1620 (ID#:83974),11.22,0.19,769.69
"HIV 1/2, Bioline 3.0 Kit, Lancets, Capillary pipets, Alcohol swabs included, 25 Tests","HIV 1/2, Bioline 3.0 Kit, Lancets, Capillary pipets, Alcohol swabs included, 25 Tests",,25,100,See DN-1624 (ID#:82856),20,0.8,3.92
"Nevirapine 200mg, tablets, 60 Tabs","Nevirapine 200mg, tablets, 60 Tabs",200mg,60,1600,157,2.9,0.05,10
"Lamivudine/Nevirapine/Zidovudine 150/200/300mg, tablets, 60 Tabs","Lamivudine/Nevirapine/Zidovudine 150/200/300mg, tablets, 60 Tabs",150/300/200mg,60,6600,843,11.22,0.19,159.66
"Efavirenz 600mg, tablets, 30 Tabs","Efavirenz 600mg, tablets, 30 Tabs",600mg,30,32660,2804,5.78,0.19,370
"Didanosine 200mg, chewable/dispersible tablets, 60 Tabs","Didanosine 200mg, chewable/dispersible tablets, 60 Tabs",200mg,60,192,40,15.5,0.26,6.42
"Lamivudine/Nevirapine/Zidovudine 150/200/300mg, tablets, 60 Tabs","Lamivudine/Nevirapine/Zidovudine 150/200/300mg, tablets, 60 Tabs",150/300/200mg,60,29,See DN-1638 (ID#:84526),11.22,0.19,0.64
"Nevirapine 200mg, tablets, 60 Tabs","Nevirapine 200mg, tablets, 60 Tabs",200mg,60,4149,394,2.73,0.05,24.42
"Zidovudine 300mg, tablets, 60 Tabs","Zidovudine 300mg, tablets, 60 Tabs",300mg,60,744,41,7.53,0.13,10.98
"Zidovudine 300mg, tablets, 60 Tabs","Zidovudine 300mg, tablets, 60 Tabs",300mg,60,6,Weight Captured Separately,7.53,0.13,0.1
"Zidovudine 300mg, tablets, 60 Tabs","Zidovudine 300mg, tablets, 60 Tabs",300mg,60,60683,3325,7.53,0.13,895.61
"Stavudine 15mg, capsules, 60 Caps","Stavudine 15mg, capsules, 60 Caps",15mg,60,864,56,1.5,0.02,2.79
"Lamivudine/Stavudine 150/30mg, tablets, 60 Tabs","Lamivudine/Stavudine 150/30mg, tablets, 60 Tabs",150/30mg,60,1900,See DN-1659 (ID#:82859),3.4,0.06,13.93
"Lamivudine/Stavudine 150/30mg, tablets, 60 Tabs","Lamivudine/Stavudine 150/30mg, tablets, 60 Tabs",150/30mg,60,1900,See DN-1660 (ID#:82296),3.4,0.06,13.93
"Stavudine 30mg, capsules, 60 Caps","Stavudine 30mg, capsules, 60 Caps",30mg,60,3690,177,1.46,0.02,11.62
"Lamivudine/Zidovudine 150/300mg, tablets, 60 Tabs","Lamivudine/Zidovudine 150/300mg, tablets, 60 Tabs",150/300mg,60,19056,1517,8.76,0.15,359.9
"Lamivudine 150mg, tablets, 60 Tabs","Lamivudine 150mg, tablets, 60 Tabs",150mg,60,7920,See DN-1667 (ID#:82861),2.44,0.04,41.66
"Lamivudine/Stavudine 150/30mg, tablets, 60 Tabs","Lamivudine/Stavudine 150/30mg, tablets, 60 Tabs",150/30mg,60,24880,1401,3.4,0.06,182.38
"Lamivudine/Stavudine 150/30mg, tablets, 60 Tabs","Lamivudine/Stavudine 150/30mg, tablets, 60 Tabs",150/30mg,60,1340,See DN-1679 (ID#:86275),3.4,0.06,9.82
"Lamivudine 150mg, tablets, 60 Tabs","Lamivudine 150mg, tablets, 60 Tabs",150mg,60,64,4,2.44,0.04,0.34
"Lamivudine/Tenofovir Disoproxil Fumarate 300/300mg, tablets, 30 Tabs","Lamivudine/Tenofovir Disoproxil Fumarate 300/300mg, tablets, 30 Tabs",300/300mg,30,2000,168,10,0.33,43.12
"Nevirapine 200mg, tablets, 60 Tabs","Nevirapine 200mg, tablets, 60 Tabs",200mg,60,3948,380,2.73,0.05,23.24
"Lamivudine/Nevirapine/Zidovudine 150/200/300mg, tablets, 60 Tabs","Lamivudine/Nevirapine/Zidovudine 150/200/300mg, tablets, 60 Tabs",150/300/200mg,60,7583,890,11.22,0.19,183.44
"Stavudine 20mg, capsules, 60 Caps","Stavudine 20mg, capsules, 60 Caps",20mg,60,61,4,1.43,0.02,0.19
"Lamivudine/Nevirapine/Stavudine 150/200/30mg, tablets, 60 Tabs","Lamivudine/Nevirapine/Stavudine 150/200/30mg, tablets, 60 Tabs",150/200/30mg,60,11332,855,6.11,0.1,149.28
"Lamivudine/Zidovudine 150/300mg, tablets, 60 Tabs","Lamivudine/Zidovudine 150/300mg, tablets, 60 Tabs",150/300mg,60,10773,859,8.76,0.15,203.46
"Lamivudine/Stavudine 150/30mg, tablets, 60 Tabs","Lamivudine/Stavudine 150/30mg, tablets, 60 Tabs",150/30mg,60,28,2,3.4,0.06,0.21
"Zidovudine 300mg, tablets, 60 Tabs","Zidovudine 300mg, tablets, 60 Tabs",300mg,60,5000,264,7.5,0.12,80.85
"Zidovudine 300mg, tablets, 60 Tabs","Zidovudine 300mg, tablets, 60 Tabs",300mg,60,1000,Weight Captured Separately,7.5,0.12,16.17
"Efavirenz 200mg, capsule, 90 Caps","Efavirenz 200mg, capsule, 90 Caps",200mg,90,1000,119,10.07,0.11,21.71
"Lamivudine/Nevirapine/Zidovudine 150/200/300mg, tablets, 60 Tabs","Lamivudine/Nevirapine/Zidovudine 150/200/300mg, tablets, 60 Tabs",150/300/200mg,60,3354,393,11.22,0.19,73.76
"Zidovudine 300mg, tablets, 60 Tabs","Zidovudine 300mg, tablets, 60 Tabs",300mg,60,915,51,7.53,0.13,13.5
"Nevirapine 200mg, tablets, 60 Tabs","Nevirapine 200mg, tablets, 60 Tabs",200mg,60,3319,699,2.73,0.05,19.54
"Nevirapine 200mg, tablets, 60 Tabs","Nevirapine 200mg, tablets, 60 Tabs",200mg,60,3529,See DN-1768 (ID#:86290),2.73,0.05,20.77
"Efavirenz 600mg, tablets, 30 Tabs","Efavirenz 600mg, tablets, 30 Tabs",600mg,30,115000,See DN-1775 (ID#:84550),4.75,0.16,1070.65
"Efavirenz 600mg, tablets, 30 Tabs","Efavirenz 600mg, tablets, 30 Tabs",600mg,30,12240,1082,4.75,0.16,125.35
"Efavirenz 600mg, tablets, 30 Tabs","Efavirenz 600mg, tablets, 30 Tabs",600mg,30,336,30,4.75,0.16,3.44
"Lamivudine/Stavudine 150/30mg, tablets, 60 Tabs","Lamivudine/Stavudine 150/30mg, tablets, 60 Tabs",150/30mg,60,8670,See DN-1795 (ID#:82315),3.4,0.06,63.55
"Zidovudine 300mg, tablets, 60 Tabs","Zidovudine 300mg, tablets, 60 Tabs",300mg,60,5040,See DN-1795 (ID#:82315),7.21,0.12,78.35
"Efavirenz/Emtricitabine/Tenofovir Disoproxil Fumarate 600/200/300mg, tablets, 30 Tabs","Efavirenz/Emtricitabine/Tenofovir Disoproxil Fumarate 600/200/300mg, tablets, 30 Tabs",600/200/300mg,30,52000,5701,19.92,0.66,2233.27
"Efavirenz/Emtricitabine/Tenofovir Disoproxil Fumarate 600/200/300mg, tablets, 30 Tabs","Efavirenz/Emtricitabine/Tenofovir Disoproxil Fumarate 600/200/300mg, tablets, 30 Tabs",600/200/300mg,30,11040,1210,19.92,0.66,474.14
"Efavirenz/Emtricitabine/Tenofovir Disoproxil Fumarate 600/200/300mg, tablets, 30 Tabs","Efavirenz/Emtricitabine/Tenofovir Disoproxil Fumarate 600/200/300mg, tablets, 30 Tabs",600/200/300mg,30,3000,329,19.92,0.66,128.84
"Emtricitabine/Tenofovir Disoproxil Fumarate 200/300mg, tablets, 30 Tabs","Emtricitabine/Tenofovir Disoproxil Fumarate 200/300mg, tablets, 30 Tabs",200/300mg,30,109140,8735,11.75,0.39,2764.84
"Nevirapine 200mg, tablets, 60 Tabs","Nevirapine 200mg, tablets, 60 Tabs",200mg,60,26400,1456,2.66,0.04,151.4
"Nevirapine 200mg, tablets, 60 Tabs","Nevirapine 200mg, tablets, 60 Tabs",200mg,60,10000,549,2.66,0.04,57.35
"Lamivudine/Zidovudine 150/300mg, tablets, 60 Tabs","Lamivudine/Zidovudine 150/300mg, tablets, 60 Tabs",150/300mg,60,45024,See DN-1799 (ID#:84560),8.55,0.14,829.96
"Lamivudine/Nevirapine/Stavudine 150/200/30mg, tablets, 60 Tabs","Lamivudine/Nevirapine/Stavudine 150/200/30mg, tablets, 60 Tabs",150/200/30mg,60,28610,See DN-1831 (ID#:84564),5.85,0.1,328.04
"Lamivudine/Nevirapine/Zidovudine 150/200/300mg, tablets, 60 Tabs","Lamivudine/Nevirapine/Zidovudine 150/200/300mg, tablets, 60 Tabs",150/300/200mg,60,13446,See DN-1832 (ID#:82321),11.22,0.19,325.26
"Tenofovir Disoproxil Fumarate 300mg, tablets, 30 Tabs","Tenofovir Disoproxil Fumarate 300mg, tablets, 30 Tabs",300mg,30,488,28,7.64,0.25,8.04
"Lamivudine 150mg, tablets, 60 Tabs","Lamivudine 150mg, tablets, 60 Tabs",150mg,60,1481,See DN-1857 (ID#:82892),2.44,0.04,7.79
"Lamivudine/Zidovudine 150/300mg, tablets, 60 Tabs","Lamivudine/Zidovudine 150/300mg, tablets, 60 Tabs",150/300mg,60,100000,8544,8.76,0.15,1716.96
"Lamivudine/Stavudine 150/30mg, tablets, 60 Tabs","Lamivudine/Stavudine 150/30mg, tablets, 60 Tabs",150/30mg,60,8021,611,3.28,0.05,56.72
"Abacavir/Lamivudine 600/300mg, scored tablets, 30 Tabs","Abacavir/Lamivudine 600/300mg, scored tablets, 30 Tabs",600/300mg,30,1200,108,23,0.77,59.51
"Lamivudine/Nevirapine/Zidovudine 150/200/300mg, tablets, 60 Tabs","Lamivudine/Nevirapine/Zidovudine 150/200/300mg, tablets, 60 Tabs",150/300/200mg,60,51132,6002,11.22,0.19,1236.9
"Efavirenz 600mg, tablets, 30 Tabs","Efavirenz 600mg, tablets, 30 Tabs",600mg,30,5705,Weight Captured Separately,4.6,0.15,56.58
"Efavirenz 600mg, tablets, 30 Tabs","Efavirenz 600mg, tablets, 30 Tabs",600mg,30,10000,857,4.6,0.15,99.18
"Lamivudine 150mg, tablets, 60 Tabs","Lamivudine 150mg, tablets, 60 Tabs",150mg,60,64,3,2.44,0.04,0.34
"Zidovudine 300mg, tablets, 60 Tabs","Zidovudine 300mg, tablets, 60 Tabs",300mg,60,3000,165,7.5,0.12,48.51
"Lamivudine/Stavudine 150/30mg, tablets, 60 Tabs","Lamivudine/Stavudine 150/30mg, tablets, 60 Tabs",150/30mg,60,99,See DN-1948 (ID#:82906),3.28,0.05,0.7
"Lamivudine/Nevirapine/Zidovudine 150/200/300mg, tablets, 60 Tabs","Lamivudine/Nevirapine/Zidovudine 150/200/300mg, tablets, 60 Tabs",150/300/200mg,60,5000,608,11.22,0.19,120.95
"Lamivudine/Nevirapine/Stavudine 150/200/30mg, tablets, 60 Tabs","Lamivudine/Nevirapine/Stavudine 150/200/30mg, tablets, 60 Tabs",150/200/30mg,60,11485,See DN-1951 (ID#:84026),5.73,0.1,141.88
"Lamivudine/Nevirapine/Zidovudine 150/200/300mg, tablets, 60 Tabs","Lamivudine/Nevirapine/Zidovudine 150/200/300mg, tablets, 60 Tabs",150/300/200mg,60,40750,5366,11.22,0.19,985.76
"Zidovudine 10mg/ml, oral solution, Bottle, 240 ml","Zidovudine 10mg/ml, oral solution, Bottle, 240 ml",10mg/ml,240,4672,See DN-1964 (ID#:82908),2.02,0.01,20.35
"Emtricitabine/Tenofovir Disoproxil Fumarate 200/300mg, tablets, 30 Tabs","Emtricitabine/Tenofovir Disoproxil Fumarate 200/300mg, tablets, 30 Tabs",200/300mg,30,65502,5896,11.75,0.39,1659.36
"Emtricitabine/Tenofovir Disoproxil Fumarate 200/300mg, tablets, 30 Tabs","Emtricitabine/Tenofovir Disoproxil Fumarate 200/300mg, tablets, 30 Tabs",200/300mg,30,10000,900,11.75,0.39,253.33
"Emtricitabine/Tenofovir Disoproxil Fumarate 200/300mg, tablets, 30 Tabs","Emtricitabine/Tenofovir Disoproxil Fumarate 200/300mg, tablets, 30 Tabs",200/300mg,30,2500,225,11.75,0.39,63.33
"Lamivudine/Nevirapine/Zidovudine 150/200/300mg, tablets, 60 Tabs","Lamivudine/Nevirapine/Zidovudine 150/200/300mg, tablets, 60 Tabs",150/300/200mg,60,1700,224,11.22,0.19,41.12
"Emtricitabine/Tenofovir Disoproxil Fumarate 200/300mg [Truvada], tablets, 30 Tabs","Emtricitabine/Tenofovir Disoproxil Fumarate 200/300mg [Truvada], tablets, 30 Tabs",300/200mg,30,4080,See DN-1982 (ID#:82910),26.25,0.88,230.91
"Stavudine 15mg, capsules, 60 Caps","Stavudine 15mg, capsules, 60 Caps",15mg,60,864,See DN-1983 (ID#:82347),1.5,0.02,2.79
"Lamivudine 150mg, tablets, 60 Tabs","Lamivudine 150mg, tablets, 60 Tabs",150mg,60,12386,See DN-1984 (ID#:83453),2.33,0.04,62.22
"Nevirapine 200mg, tablets, 60 Tabs","Nevirapine 200mg, tablets, 60 Tabs",200mg,60,1400,See DN-1994 (ID#:85140),2.73,0.05,8.24
"Lamivudine/Nevirapine/Zidovudine 150/200/300mg, tablets, 60 Tabs","Lamivudine/Nevirapine/Zidovudine 150/200/300mg, tablets, 60 Tabs",150/300/200mg,60,75000,See DN-1997 (ID#:82914),11.22,0.19,1814.27
"Lamivudine/Nevirapine/Stavudine 150/200/30mg, tablets, 60 Tabs","Lamivudine/Nevirapine/Stavudine 150/200/30mg, tablets, 60 Tabs",150/200/30mg,60,9200,668,5.73,0.1,113.66
"Abacavir 300mg, tablets, 60 Tabs","Abacavir 300mg, tablets, 60 Tabs",300mg,60,13455,See DN-2003 (ID#:85146),17.14,0.29,497.21
"Didanosine 200mg, chewable/dispersible tablets, 60 Tabs","Didanosine 200mg, chewable/dispersible tablets, 60 Tabs",200mg,60,3968,842,15.5,0.26,132.6
"Efavirenz 600mg, tablets, 30 Tabs","Efavirenz 600mg, tablets, 30 Tabs",600mg,30,44669,See DN-2008 (ID#:84038),4.45,0.15,428.56
"Efavirenz 600mg, tablets, 30 Tabs","Efavirenz 600mg, tablets, 30 Tabs",600mg,30,26076,See DN-2011 (ID#:82350),4.45,0.15,250.18
"Lamivudine/Nevirapine/Zidovudine 150/200/300mg, tablets, 60 Tabs","Lamivudine/Nevirapine/Zidovudine 150/200/300mg, tablets, 60 Tabs",150/300/200mg,60,71449,See DN-2014 (ID#:85708),11.22,0.19,1728.37
"Efavirenz 50mg, capsule, 30 Caps","Efavirenz 50mg, capsule, 30 Caps",50mg,30,70,See DN-2015 (ID#:82917),2.24,0.07,0.34
"Zidovudine 100mg, capsules, 100 Caps","Zidovudine 100mg, capsules, 100 Caps",100mg,100,457,See DN-2017 (ID#:82918),4.84,0.05,4.77
"Zidovudine 10mg/ml, oral solution, Bottle, 240 ml","Zidovudine 10mg/ml, oral solution, Bottle, 240 ml",10mg/ml,240,567,See DN-2017 (ID#:82918),2.02,0.01,2.47
"Efavirenz 600mg, tablets, 30 Tabs","Efavirenz 600mg, tablets, 30 Tabs",600mg,30,8200,See DN-2018 (ID#:82352),4.45,0.15,78.67
"Efavirenz 600mg, tablets, 30 Tabs","Efavirenz 600mg, tablets, 30 Tabs",600mg,30,48860,See DN-2025 (ID#:83460),4.34,0.14,457.18
"Lamivudine 150mg, tablets, 60 Tabs","Lamivudine 150mg, tablets, 60 Tabs",150mg,60,4100,See DN-2025 (ID#:83460),2.33,0.04,20.6
"Lamivudine/Stavudine 150/30mg, tablets, 60 Tabs","Lamivudine/Stavudine 150/30mg, tablets, 60 Tabs",150/30mg,60,40900,3127,3.28,0.05,289.23
"Lamivudine/Stavudine 150/30mg, tablets, 60 Tabs","Lamivudine/Stavudine 150/30mg, tablets, 60 Tabs",150/30mg,60,204,See DN-2031 (ID#:83459),3.28,0.05,1.44
"Tenofovir Disoproxil Fumarate 300mg, tablets, 30 Tabs","Tenofovir Disoproxil Fumarate 300mg, tablets, 30 Tabs",300mg,30,2500,See DN-2025 (ID#:83460),7.3,0.24,39.35
"Tenofovir Disoproxil Fumarate 300mg, tablets, 30 Tabs","Tenofovir Disoproxil Fumarate 300mg, tablets, 30 Tabs",300mg,30,2480,See DN-2035 (ID#:82356),7.3,0.24,39.03
"Didanosine 200mg, chewable/dispersible tablets, 60 Tabs","Didanosine 200mg, chewable/dispersible tablets, 60 Tabs",200mg,60,1192,See DN-2035 (ID#:82356),15.5,0.26,39.83
"Nevirapine 200mg, tablets, 60 Tabs","Nevirapine 200mg, tablets, 60 Tabs",200mg,60,34650,3934,2.58,0.04,192.74
"Nevirapine 200mg, tablets, 60 Tabs","Nevirapine 200mg, tablets, 60 Tabs",200mg,60,11022,See DN-2047 (ID#:82925),2.58,0.04,61.31
"Lamivudine/Nevirapine/Zidovudine 150/200/300mg, tablets, 60 Tabs","Lamivudine/Nevirapine/Zidovudine 150/200/300mg, tablets, 60 Tabs",150/300/200mg,60,120099,16015,11.22,0.19,2905.23
"Efavirenz 600mg, tablets, 30 Tabs","Efavirenz 600mg, tablets, 30 Tabs",600mg,30,170000,See DN-2053 (ID#:85164),4.52,0.15,1656.67
"Emtricitabine/Tenofovir Disoproxil Fumarate 200/300mg, tablets, 30 Tabs","Emtricitabine/Tenofovir Disoproxil Fumarate 200/300mg, tablets, 30 Tabs",200/300mg,30,59446,See DN-2053 (ID#:85164),11.75,0.39,1505.95
"Nevirapine 200mg, tablets, 60 Tabs","Nevirapine 200mg, tablets, 60 Tabs",200mg,60,10685,See DN-2056 (ID#:84604),2.66,0.04,61.28
"Nevirapine 200mg, tablets, 60 Tabs","Nevirapine 200mg, tablets, 60 Tabs",200mg,60,100425,6880,2.66,0.04,575.93
"Lamivudine/Zidovudine 150/300mg, tablets, 60 Tabs","Lamivudine/Zidovudine 150/300mg, tablets, 60 Tabs",150/300mg,60,16000,See DN-2065 (ID#:82360),8.55,0.14,225.72
"Lamivudine 150mg, tablets, 60 Tabs","Lamivudine 150mg, tablets, 60 Tabs",150mg,60,439,See DN-2065 (ID#:82360),2.33,0.04,1.69
"Lamivudine/Zidovudine 150/300mg, tablets, 60 Tabs","Lamivudine/Zidovudine 150/300mg, tablets, 60 Tabs",150/300mg,60,3570,294,8.55,0.14,65.81
"Zidovudine 300mg, tablets, 60 Tabs","Zidovudine 300mg, tablets, 60 Tabs",300mg,60,6438,See DN-2076 (ID#:85168),7.21,0.12,100.08
"Nevirapine 200mg, tablets, 60 Tabs","Nevirapine 200mg, tablets, 60 Tabs",200mg,60,100000,6206,2.66,0.04,573.5
"Nevirapine 200mg, tablets, 60 Tabs","Nevirapine 200mg, tablets, 60 Tabs",200mg,60,879,See DN-2089 (ID#:83478),2.58,0.04,3.74
"Efavirenz 600mg, tablets, 30 Tabs","Efavirenz 600mg, tablets, 30 Tabs",600mg,30,51140,See DN-2090 (ID#:82366),4.34,0.14,478.52
"Lamivudine/Nevirapine/Stavudine 150/200/30mg, tablets, 60 Tabs","Lamivudine/Nevirapine/Stavudine 150/200/30mg, tablets, 60 Tabs",150/200/30mg,60,1000,See DN-2090 (ID#:82366),5.56,0.09,11.99
"Efavirenz 600mg, tablets, 30 Tabs","Efavirenz 600mg, tablets, 30 Tabs",600mg,30,20418,See DN-2101 (ID#:85735),4.34,0.14,191.05
"Lamivudine/Nevirapine/Zidovudine 150/200/300mg, tablets, 60 Tabs","Lamivudine/Nevirapine/Zidovudine 150/200/300mg, tablets, 60 Tabs",150/300/200mg,60,77333,11276,11.22,0.19,1431.67
"Efavirenz 600mg, tablets, 30 Tabs","Efavirenz 600mg, tablets, 30 Tabs",600mg,30,2550,See DN-2077 (ID#:82369),4.52,0.15,19.02
"Abacavir 300mg, tablets, 60 Tabs","Abacavir 300mg, tablets, 60 Tabs",300mg,60,16200,1583,15.5,0.26,541.37
"Nevirapine 10mg/ml, oral suspension w/syringe, Bottle, 240 ml","Nevirapine 10mg/ml, oral suspension w/syringe, Bottle, 240 ml",10mg/ml,240,2084,794,1.95,0.01,8.76
"Nevirapine 10mg/ml, oral suspension w/syringe, Bottle, 240 ml","Nevirapine 10mg/ml, oral suspension w/syringe, Bottle, 240 ml",10mg/ml,240,2006,See DN-2122 (ID#:84622),1.95,0.01,8.43
"Nevirapine 200mg, tablets, 60 Tabs","Nevirapine 200mg, tablets, 60 Tabs",200mg,60,50000,See DN-2122 (ID#:84622),2.51,0.04,270.58
"Stavudine 15mg, capsules, 60 Caps","Stavudine 15mg, capsules, 60 Caps",15mg,60,1059,See DN-2140 (ID#:85180),1.5,0.02,2.62
"Abacavir 300mg, tablets, 60 Tabs","Abacavir 300mg, tablets, 60 Tabs",300mg,60,20000,See DN-2143 (ID#:84632),15.89,0.26,524.37
"Nevirapine 200mg, tablets, 60 Tabs","Nevirapine 200mg, tablets, 60 Tabs",200mg,60,972,58,2.58,0.04,4.14
"Nevirapine 200mg, tablets, 60 Tabs","Nevirapine 200mg, tablets, 60 Tabs",200mg,60,31043,1785,2.51,0.04,167.99
"Emtricitabine/Tenofovir Disoproxil Fumarate 200/300mg, tablets, 30 Tabs","Emtricitabine/Tenofovir Disoproxil Fumarate 200/300mg, tablets, 30 Tabs",200/300mg,30,14440,See DN-2153 (ID#:82374),10.92,0.36,260.18
"Efavirenz 600mg, tablets, 30 Tabs","Efavirenz 600mg, tablets, 30 Tabs",600mg,30,27769,See DN-2151 (ID#:84068),4.22,0.14,193.36
"Efavirenz/Emtricitabine/Tenofovir Disoproxil Fumarate 600/200/300mg, tablets, 30 Tabs","Efavirenz/Emtricitabine/Tenofovir Disoproxil Fumarate 600/200/300mg, tablets, 30 Tabs",600/200/300mg,30,30000,3272,19.92,0.66,986.04
"Lamivudine 150mg, tablets, 60 Tabs","Lamivudine 150mg, tablets, 60 Tabs",150mg,60,21200,1012,2.33,0.04,81.5
"Lamivudine/Zidovudine 30/60mg, tablets, 60 Tabs","Lamivudine/Zidovudine 30/60mg, tablets, 60 Tabs",30/60mg,60,1884,See DN-2180 (ID#:85755),3.25,0.05,13.2
"Efavirenz 600mg, tablets, 30 Tabs","Efavirenz 600mg, tablets, 30 Tabs",600mg,30,23450,2068,4.32,0.14,167.15
"Nevirapine 200mg, tablets, 60 Tabs","Nevirapine 200mg, tablets, 60 Tabs",200mg,60,10927,See DN-2154 (ID#:84084),2.51,0.04,59.13
"Nevirapine 200mg, tablets, 60 Tabs","Nevirapine 200mg, tablets, 60 Tabs",200mg,60,10500,See DN-2191 (ID#:82381),2.51,0.04,43.49
"Lamivudine/Zidovudine 150/300mg, tablets, 60 Tabs","Lamivudine/Zidovudine 150/300mg, tablets, 60 Tabs",150/300mg,60,14893,See DN-2192 (ID#:85184),8.26,0.14,202.98
"Lamivudine/Nevirapine/Zidovudine 30/50/60mg, dispersible tablets, 60 Tabs","Lamivudine/Nevirapine/Zidovudine 30/50/60mg, dispersible tablets, 60 Tabs",30/50/60mg,60,20000,See DN-2203 (ID#:82949),4.25,0.07,183.26
"Lamivudine/Nevirapine/Zidovudine 150/200/300mg, tablets, 60 Tabs","Lamivudine/Nevirapine/Zidovudine 150/200/300mg, tablets, 60 Tabs",150/300/200mg,60,87357,See DN-2225 (ID#:84650),11.22,0.19,1617.24
"Nevirapine 10mg/ml, oral suspension, Bottle, 240 ml","Nevirapine 10mg/ml, oral suspension, Bottle, 240 ml",10mg/ml,240,10000,3637,1.8,0.01,29.7
"Nevirapine 200mg, tablets, 60 Tabs","Nevirapine 200mg, tablets, 60 Tabs",200mg,60,17376,1237,2.51,0.04,71.96
"Nevirapine 200mg, tablets, 60 Tabs","Nevirapine 200mg, tablets, 60 Tabs",200mg,60,64995,4618,2.51,0.04,269.18
"Zidovudine 300mg, tablets, 60 Tabs","Zidovudine 300mg, tablets, 60 Tabs",300mg,60,917,See DN-2231 (ID#:82385),7.02,0.12,10.62
"Nevirapine 200mg, tablets, 60 Tabs","Nevirapine 200mg, tablets, 60 Tabs",200mg,60,14081,See DN-2237 (ID#:82954),2.51,0.04,58.32
"Zidovudine 10mg/ml, oral solution w/syringe, Bottle, 240 ml","Zidovudine 10mg/ml, oral solution w/syringe, Bottle, 240 ml",10mg/ml,240,4965,1784,2.1,0.01,17.2
"Efavirenz 200mg, capsule, 90 Caps","Efavirenz 200mg, capsule, 90 Caps",200mg,90,630,See DN-2263 (ID#:82959),9.69,0.11,10.07
"Zidovudine 10mg/ml, oral solution w/syringe, Bottle, 240 ml","Zidovudine 10mg/ml, oral solution w/syringe, Bottle, 240 ml",10mg/ml,240,6250,2409,2.02,0.01,20.83
"Lamivudine/Tenofovir Disoproxil Fumarate 300/300mg, tablets, 30 Tabs","Lamivudine/Tenofovir Disoproxil Fumarate 300/300mg, tablets, 30 Tabs",300/300mg,30,29349,2808,8.82,0.29,427.12
"Nevirapine 200mg, tablets, 60 Tabs","Nevirapine 200mg, tablets, 60 Tabs",200mg,60,11549,See DN-2297 (ID#:82392),2.51,0.04,47.83
"Lamivudine/Zidovudine 150/300mg, tablets, 60 Tabs","Lamivudine/Zidovudine 150/300mg, tablets, 60 Tabs",150/300mg,60,26308,See DN-2302 (ID#:82967),8.55,0.14,371.14
"Emtricitabine/Tenofovir Disoproxil Fumarate 200/300mg, tablets, 30 Tabs","Emtricitabine/Tenofovir Disoproxil Fumarate 200/300mg, tablets, 30 Tabs",200/300mg,30,17251,See DN-2304 (ID#:82395),10.54,0.35,300.01
